%wdm.bib
%version  27 Sept 2021

%AAA

@InProceedings{Adrian77,
  address      = "Princeton",
  author       = "R.~J. Adrian",
  booktitle    = "Turbulence in Liquids",
  editor       = "J. Zakin and G. Patterson",
  pages        = "323",
  publisher    = "Science Press",
  title        = "{On the role of conditional averages in turbulence
                 theory}",
  year         = "1977",
}



@Article{Adrian89,
  author       = "R.~J. Adrian and B.~G. Jones and M.~K. Chung and Y.
                 Hassan and C.~K. Nithianandan and A.~T.-C. Tung",
  journal      = "Phys. Fluids A",
  pages        = "992",
  title        = "{Approximation of turbulent conditional averages by
                 stochastic estimation}",
  volume       = "1",
  year         = "1989",
}

@Article{Adrian90,
  author       = "R.~J. Adrian",
  journal      = "Appl. Mech. Rev.",
  pages        = "S214",
  title        = "{Stochastic estimation of subgrid motions}",
  volume       = "43",
  year         = "1990",
}

@Book{Adzhemyan99,
  author       = "L. Ts. Adzhemyan and N.~V. Antonov and A.~N.
                 Vasiliev",
  publisher    = "Gordon and Breach Science Publishers",
  title        = "{The {F}ield {T}heoretic {R}enormalization {G}roup in
                 {F}ully {D}eveloped {T}urbulence}",
  year         = "1999",
}

@PhdThesis{Allen63,
  author       = "J.~R. Allen",
  school       = "Victoria University of Manchester",
  title        = "{Formulation of the theory of turbulent shear flow}",
  year         = "1963",
}

@Article{Andre77,
  author       = "J.~C. Andr\'e and M. Lesieur",
  journal      = "J. Fluid Mech.",
  pages        = "187--207",
  title        = "{Influence of helicity on the evolution of isotropic
                  turbulence at high Reynolds number}",
  volume       = "81",
  issue        =  "01",
  year         = "1977",
}
@Article{Annunziato00,
  author       = "Mario Annunziato and Paolo Grigolini and Juri
                 Riccardi",
  journal      = "Physical Review E",
  pages        = "4801--4808",
  title        = "{Fluctuation-dissipation process without a time
                 scale}",
  volume       = "61",
  year         = "2000",
}

@Article{Anselmet84,
  author       = "F. Anselmet and Y. Gagne and E.~J. Hopfinger and R.~A.
                 Antonia",
  journal      = "J. Fluid Mech.",
  pages        = "63",
  title        = "{High-order velocity structure functions in turbulent
                 shear flows}",
  volume       = "140",
  year         = "1984",
}

@Article{Antonia81,
  author       = "R.~A. Antonia and N. Phan-Thien and B.~R.
                 Satyaprakash",
  journal      = "Phys. Fluids",
  pages        = "554",
  title        = "{Autocorrelation and spectrum of dissipation
                 fluctuations in a turbulent jet}",
  volume       = "24",
  year         = "1981",
}

@Article{Antonia82,
  author       = "R.~A. Antonia and B.~R. Satyaprakash and A. K. M. F
                 Hussain",
  journal      = "J. Fluid Mech.",
  pages        = "55",
  title        = "{Statistics of fine-scale velocity in turbulent plane
                 and circular jets}",
  volume       = "119",
  year         = "1982",
}

@Article{Antonia04,
  author       = "R.~A. Antonia and P. Orlandi",
  journal      = "J. Fluid Mech.",
  pages        = "123--151",
  title        = "{Similarity of decaying isotropic turbulence with a
                 passive scalar}",
  volume       = "505",
  year         = "2004"
}

@Article{Antonia06,
  author       = "R.~A. Antonia and P. Burattini",
  journal      = "J. Fluid Mech.",
  pages        = "175",
  title        = "{Approach to the 4/5 law in homogeneous isotropic
                 turbulence}",
  volume       = "550",
  year         = "2006",
}

@Article{Antonia17,
  author       = "R. A. Antonia and L. Djenidi and L. Danilla and S.L. Tang",
  journal      = "Phys. Fluids",
  pages        = "020715",
  title        = "{Small scale turbulence and the finite
                 {R}eynolds number effect}",
  volume       = "29",
  year         = "2017",
}

@Article{Antonia19,
  author       = "R. A. Antonia and S.L. Tang and L. Djenidi and Y. Zhou",
  journal      = "Physical Review Fluids",
  pages        = "084602",
  title        = "{Finite {R}eynolds number effect and the 4/5 law}",
  volume       = "4",
  year         = "2019",
}


@Article{Antonov97a,
  author       = "N.~V. Antonov and M.~Y. Nalimov and A.~A. Udalov",
  journal      = "Theor. Math. Phys",
  pages        = "0",
  title        = "{Renormalization group in the problem of fully
                 developed turbulence}",
  volume       = "110",
  year         = "1997",
}

@Article{Antonov97b,
  author       = "N.~V. Antonov",
  journal      = "Soviet Physics J.E.T.P.",
  number       = "5",
  pages        = "898--906",
  title        = "{The renormalization group in the problem of turbulent
                 convection of a passive scalar impurity with nonlinear
                 diffusion [Zh. {\'E}ksp. Teor. Fiz. {\bf 112},
                 1649-1663]}",
  volume       = "85",
  year         = "1997",
}

@Article{Aoyama05,
  author       = "T. Aoyama and T. Ishihara and Y. Kaneda and M.
                 Yokokawa and K. Itakura and A. Uno",
  journal      = "J. Phys. Soc. Japan",
  number       = "12",
  pages        = "4352--4355",
  title        = "{Statistics of Energy Transfer in High-Resolution
                 Direct Numerical Simulation of Turbulence in a Periodic
                 Box}",
  volume       = "103",
  year         = "2005",
}

@Article{Arenas06,
  author       = "A. Arenas and A.~J. Chorin",
  journal      = "PNAS",
  number       = "12",
  pages        = "3202--3212",
  title        = "{On the existence and scaling of structure functions
                 in turbulence according to the data}",
  volume       = "74",
  year         = "2006",
}

%BBB

@Article{Babich06,
  author       = "R. Babich and N. Garron and C. Hoelbling and 
                 J. Howard and L. Lellouch and C. Rebbi",
  journal      = "Phys. Rev. D",
  pages        = "073009",
  title        = "{$K^0-\bar{K}^0$ mixing beyond the standard model 
                 and $CP$-violating electroweak penguins in quenched 
                 QCD with exact chiral symmetry}",
  volume       = "74",
  year         = "2006",
}

@Article{Balescu70,
  author       = "R. Balescu and A. Senatorski",
  journal      = "Ann.Phys(NY)",
  pages        = "587",
  title        = "{A new approach to the theory of fully developed
                 turbulence}",
  volume       = "58",
  year         = "1970",
}

@TechReport{Bardina80,
  author       = "J. Bardina and J.~H. Ferziger and W.~C. Reynolds",
  institution  = "AIAA",
  number       = "80-1357",
  title        = "{Improved subgrid scale models for large eddy
                 simulation}",
  type         = "Paper",
  year         = "1980",
}

@Article{Barenblatt98a,
  author       = "G.~I. Barenblatt and A.~J. Chorin",
  journal      = "SIAM Rev.",
  pages        = "265--291",
  title        = "{New perspectives in turbulence: scaling laws,
                 asymptotics and intermittency}",
  volume       = "40",
  year         = "1998",
}

@Article{Barenblatt98b,
  author       = "G.~I. Barenblatt and A.~J. Chorin",
  journal      = "Meccanica",
  pages        = "445--468",
  title        = "{Turbulence: an old challenge and new perspectives}",
  volume       = "33",
  year         = "1998",
}

@Article{Barenblatt99,
  author       = "G.~I. Barenblatt and A.~J. Chorin and V.~M.
                 Prostokishin",
  journal      = "Physica D",
  pages        = "105--110",
  title        = "{Comment on the paper ``{O}n the scaling of
                 three-dimensional homogeneous and isotropic
                 turbulence'' by {B}enzi et al}",
  volume       = "127",
  year         = "1999",
}

@Article{Bartello91,
  author       = "P. Bartello and G. Holloway",
  journal      = "Journal of Fluid Mechanics",
  pages        = "521--536",
  title        = "{Passive scalar transport in beta-plane turbulence}",
  volume       = "223",
  year         = "1991",
}

@Article{Batchelor46,
  author       = "G.~K. Batchelor",
  journal      = "Proc. R. Soc. Lond. A",
  pages        = "480",
  title        = "{The theory of axisymmetric turbulence}",
  volume       = "186",
  year         = "1946",
}

@Article{Batchelor48,
  author       = "G K Batchelor",
  journal      = "Q. Appl. Math.",
  pages        = "97-116",
  title        = "{Energy {D}ecay and {S}elf-{P}reserving {C}orrelation
{F}unctions in {I}sotropic {T}urbulence}",
  volume       = "6",
  year         = "1948",
}

@Article{Batchelor47,
  author       = "G.~K. Batchelor",
  journal      = "Proc. Camb. Philos. Soc.",
  pages        = "533",
  title        = "{Kolmogoroff's theory of locally isotropic turbulence}",
  volume       = "43",
  year         = "1947",
}


@Article{Batchelor49,
  author       = "G.~K. Batchelor and A.~A. Townsend",
  journal      = "Proc. R. Soc. Lond. A",
  pages        = "238",
  title        = "{The nature of turbulent motion at large
                 wavenumbers}",
  volume       = "199",
  year         = "1949",
}

@Article{Batchelor51,
  author       = "G.~K. Batchelor",
  journal      = "Proc. Camb. Philos. Soc.",
  pages        = "359",
  title        = "{Pressure fluctuations in isotropic turbulence}",
  volume       = "47",
  year         = "1951",
}

@Book{Batchelor53,
  author       = "G.~K. Batchelor",
  edition      = "1st",
  publisher    = "Cambridge University Press, Cambridge",
  title        = "{The theory of homogeneous turbulence}",
  year         = "1953",
}

@Article{Batchelor56,
  author       = "G.~K. Batchelor and I. Proudman",
  journal      = "Phil. Trans. A",
  pages        = "369",
  title        = "{The large-scale structure of homogeneous
                 turbulence}",
  volume       = "248",
  year         = "1956",
}

@Book{Batchelor67,
  author       = "G.~K. Batchelor",
  publisher    = "Cambridge University Press, Cambridge",
  title        = "{An introduction to fluid dynamics}",
  year         = "1967",
}

@Book{Batchelor71,
  author       = "G.~K. Batchelor",
  edition      = "2nd",
  publisher    = "Cambridge University Press, Cambridge",
  title        = "{The theory of homogeneous turbulence}",
  year         = "1971",
}

@Article{Bazdenkov93,
  author       = "S. V. Bazdenkov and N. N. Khukharkin",
  journal      = "Phys. Fluids A",
  pages        = "2248",
  title        = "{On the variational method of closure in the theory of turbulence}",
  volume       = "5",
  year         = "1993",
}

@Article{Belin96,
  author       = "F. Belin and P. Tabeling and H. Willaime",
  journal      = "Physica D",
  pages        = "52--63",
  title        = "{Exponents of the structure functions in a low
		 temperature helium experiment}",
  volume       = "93",
  year         = "1996",
}

@Article{Bell80,
  author       = "Thomas~L. Bell",
  journal      = "J. Atmos. Sci.",
  pages        = "1700--1707",
  title        = "{Climate sensitivity from fluctuation dissipation:
                 some simple model tests}",
  volume       = "37",
  year         = "1980",
}

@Article{Benzi93,
  author       = "R. Benzi and S. Ciliberto and R. Tripiccione and C.
                 Baudet and F. Massaioli and S. Succi",
  journal      = "Phys. Rev. E",
  pages        = "R29--R32",
  title        = "{Extended self-similarity in turbulent flows}",
  volume       = "48",
  year         = "1993",
}

@Article{Benzi93b,
  author       = "R. Benzi and S. Ciliberto and C. Baude and
                  G.~R. Chavarria and R. Tripiccione",
  journal      = "Europhys. Lett.",
  pages        = "275--279",
  title        = "{Extended Self-similarity in the Dissipation Range
                  of Fully Developed Turbulence}",
  volume       = "24",
  year         = "1993",
}

@Article{Benzi95,
  author       = "R. Benzi and S. Ciliberto and C. Baudet and G.~R.
                 Chavarria",
  journal      = "Physica D: Nonlinear Phenomena",
  number       = "4",
  pages        = "385--398",
  title        = "{On the scaling of three-dimensional homogeneous and
                 isotropic turbulence}",
  volume       = "80",
  year         = "1995",
}

@Article{Benzi96,
  author       = "R. Benzi and L. Biferale and S. Ciliberto and M.~V.
                 Struglia and R. Tripiccione",
  journal      = "Physica D",
  pages        = "162",
  title        = "{Generalized scaling in fully developed turbulence}",
  volume       = "96",
  year         = "1996",
}

@Article{Benzi99,
  author       = "R. Benzi and S. Ciliberto and C. Baudet and G.
                 Ruiz-Chavarria",
  journal      = "Physica D",
  pages        = "111--112",
  title        = "{Reply to the comment of {B}arenblatt et al.}",
  volume       = "127",
  year         = "1999",
}

@Article{Beran67,
  author       = "M.~J. Beran",
  journal      = "American Journal of Physics",
  pages        = "242--245",
  title        = "{Use of the {C}haracteristic {F}unction in the
{D}erivation of {L}iouville's {E}quation}",
  volume       = "35",
  year         = "1967",
}

@Book{Beran68,
  author       = "M.~J. Beran",
  publisher    = "Interscience",
  title        = "{Statistical Continuum Theories}",
  year         = "1968",
}



@Article{Berera05,
  author       = "A. Berera and D. Hochberg",
  journal      = "Phys. Rev. E",
  pages        = "57301",
  title        = "{Galilean invariance and homogeneous anisotropic
                 randomly stirred flows}",
  volume       = "72",
  year         = "2005",
}

@Article{Berera07,
  author       = "A. Berera and D. Hochberg",
  journal      = "Phys. Rev. Lett.",
  pages        = "24501",
  title        = "{Gauge symmetry and {S}lavnov-{T}aylor identies for
randomly stirred fluids}",
  volume       = "99",
  year         = "2007",
}


@Article{Berera08,
  author       = "A. Berera and D. Hochberg",
  journal      = "Nuclear Physics B",
  pages        = "522 - 548",
  title        = "{Gauge fixing, {B}{R}{S} invariance and {W}ard identities for
randomly stirred flows}",
  volume       = "814",
  year         = "2008",
}


@Article{Berera10,
  author       = "A. Berera and S.~R. Yoffe",
  journal      = "Phys. Rev. E",
  pages        = "066304",
  title        = "{Reexamination of the infrared properties of randomly
                 stirred hydrodynamics}",
  volume       = "82",
  year         = "2010",
}
@Article{Berera13,
  author       = "A. Berera and M. Salewski and W. D. McComb",
  journal      = "Phys. Rev. E",
  pages        = "013007--1--25",
  title        = "{Eulerian Field-Theoretic Closure Formalisms for Fluid Turbulence}",
  volume       = "87",
  year         = "2013",
}

@Article{Berera14,
  author       = "A. Berera and M. Linkmann",
  journal      = "Phys. Rev. E",
  pages        = "013007--1--25",
  title        = "{Magnetic helicity and the evolution of decaying magnetohydrodynamic  turbulence}",
  volume       = "90",
  year         = "2014",
}


@Article{Berkooz94,
  author       = "G. Berkooz",
  journal      = "Nonlinearity",
  pages        = "313",
  title        = "{An observation on probability density equations}",
  volume       = "7",
  year         = "1994",
}

@InProceedings{Bertoglio87,
  address      = "Berlin",
  author       = "J.-P. Bertoglio and D. Jeandel",
  booktitle    = "Turbulent Shear Flows 5",
  editor       = "F. Durst",
  pages        = "323",
  publisher    = "Springer-Verlag",
  title        = "{A simplified spectral closure for inhomogeneous
                 turbulence applicable to the boundary layer}",
  year         = "1987",
}

@Book{Bevington03,
  author       = "P.~R. Bevington and D.~K. Robinson",
  publisher    = "McGraw-Hill",
  title        = "{Data Reduction and Error Analysis for the Physical Sciences}",
  year         = "2003",
  edition      = "Third",
}

@Article{Biferale01,
  author       = "L. Biferale and I. Daumont and G. Lacorata and A.
                 Vulpiani",
  journal      = "Physical Review E",
  pages        = "1--7",
  title        = "{Fluctuation-response relation in turbulent systems}",
  volume       = "65",
  year         = "2001",
}

@Article{Birkhoff54,
  author       = "G. Birkhoff",
  journal      = "Comm. Pure Appl. Math.",
  pages        = "19--44",
  title        = "{Fourier Synthesis of Homogeneous Turbulence}",
  volume       = "7",
  year         = "1954",
}

@Book{Boas83,
  author       = "M.~L. Boas",
  publisher    = "John Wiley and Sons, Chichester",
  title        = "{Mathematical Methods in the Physical Sciences}",
  year         = "1983",
}

@Article{Boffetta03,
  author       = "G. Boffetta and G. Lacorata and S. Mussacchio and A.
                 Vulpiani",
  journal      = "CHAOS",
  pages        = "806--811",
  title        = "{Relaxation of finite perturbations: {B}eyond the
                 fluctuation-response relation}",
  volume       = "13",
  year         = "2003",
}

@Article{Boffetta08,
  author       = "G. Boffetta and A. Mazzino and A. Vulpiani",
  journal      = "J. Phys. A: Math. Theor.",
  pages        = "363001",
  title        = "{Twenty-five years of multifractals in fully developed
                 turbulence: a tribute to {G}iovanni {P}aladin}",
  volume       = "41",
  year         = "2008",
}

@Article{Bohr92,
  author       = "T. Bohr and G. Grinstein and C. Jayaprakash and M.~H.
                 Jensen and J. Krug and D. Mukamel",
  journal      = "Physica D",
  pages        = "177--184",
  title        = "{Turbulence, power laws and {G}alilean invariance}",
  volume       = "59",
  year         = "1992",
}

@Article{Borue98,
  author       = "V. Borue and S.~A. Orszag",
  journal      = "J. Fluid Mech.",
  pages        = "1",
  title        = "{Local energy flux and subgrid-scale statistics in
                 three-dimensional turbulence}",
  volume       = "366",
  year         = "1998",
}
%%
@Article{Bos06b,
  author       = "W.~J.~T. Bos and J.-P. Bertoglio",
  journal      = "Phys. Fluids",
  pages        = "071701",
  title        = "{Dynamics of spectrally truncated inviscid turbulence}",
  volume       = "18",
  year         = "2006",
}

@Article{Bos06a,
  author       = "W.~J.~T. Bos and J.-P. Bertoglio",
  journal      = "Phys. Fluids",
  pages        = "031706",
  title        = "{A single-time, two-point closure based on fluid particle displacements}",
  volume       = "18",
  year         = "2006",
}


%%


@Article{Bos07,
  author       = "W.~J.~T. Bos and L. Shao and J.-P. Bertoglio",
  journal      = "Phys. Fluids",
  pages        = "45101",
  title        = "{Spectral imbalance and the normalized dissipation
                 rate of turbulence}",
  volume       = "19",
  year         = "2007",
}

@Article{Bos11,
  author       = "W.~J.~T. Bos and L. Chevillard and J.~F. Scott and R. Rubinstein",
  journal      = "arXiv:1101.4726 [physics.flu-dyn]",
  title        = "{Reynolds number effect on the velocity increment skewness in isotropic turbulence}",
  year         = "2011"
}

@Article{Bos12,
  author       = "W.~J.~T. Bos and L. Chevillard and J.~F. Scott and R. Rubinstein",
  journal      = "Phys. Fluids",
  pages        = "015108",
  title        = "{Reynolds number effect on the velocity increment skewness in isotropic turbulence}",
  volume       = "24",
  year         = "2012"
}
@Article{Boschung16,
  author       = "J. Boschung and M. Gauding and F. Hennig and D. Denker
and H. Pitsch",
  journal      = "Phys. Rev. Fluids",
  pages        = "064403",
  title        = "{Finite Reynolds number corrections of the 4/5 law for decaying turbulence}",
  volume       = "1",
  year         = "2016"
}
@Article{Bouchaud93,
  author       = "J.~P. Bouchaud and M.~E. Cates",
  journal      = "Phys. Rev. E",
  number       = "1",
  pages        = "635--636",
  title        = "{Self-consistent approach to the
                 {K}ardar-{P}arisi-{Z}hang equation}",
  volume       = "48",
  year         = "1993",
}

@Article{Bowman93,
  author       = "J.~C. Bowman and J.~A. Krommes and M. Ottaviani",
  journal      = "Phys. Fluids B",
  pages        = "3558--3589",
  title        = "{The realizable {M}arkovian closure. {I}. General
                 theory, with application to three-wave dynamics}",
  volume       = "5",
  year         = "1993",
}

@Article{Bowman96,
  author       = "John~C. Bowman",
  journal      = "J. Fluid Mech.",
  pages        = "167--181",
  title        = "{On inertial-range scaling laws}",
  volume       = "306",
  year         = "1996",
}

@Article{Bowman97,
  author       = "J.~C. Bowman and J.~A. Krommes",
  journal      = "Phys. Plasmas",
  pages        = "3895",
  title        = "{The realizable Markovian closure and realizable
                 test-field model 11. Application to anisotropic
                 drift-wave dynamics}",
  volume       = "4",
  year         = "1997",
}

@Article{Boyle12,
  author       = "P.~A. Boyle and N. Garron and R.~J. Hudspith",
  journal      = "Phys. Rev. D",
  pages        = "054028",
  title        = "{Neutral kaon mixing beyond the standard model with
                 $n_f = 2+1$ chiral fermions}",
  volume       = "86",
  year         = "2012",
}

@Article{Brachet83,
  author       = "M.~E. Brachet and D.~I. Meiron and S.~A. Orszag and
                 B.~G. Nickel and R.~H. Morf and U. Frisch",
  journal      = "J. Fluid Mech.",
  pages        = "411--452",
  title        = "{Small-scale structure of the {T}aylor-{G}reen
                 vortex}",
  volume       = "130",
  year         = "1983",
}

@TechReport{Bradshaw67,
  author       = "P. Bradshaw",
  institution  = "National Physical Laboratory, Aerodynamics Division",
  number       = "1220",
  title        = "{Conditions for the existence of an inertial subrange
                 in turbulent flow}",
  type         = "Paper",
  year         = "1967",
}

@Article{Brasseur92,
  author       = "J.~G. Brasseur and Q. Wang",
  journal      = "Phys. Fluids A",
  pages        = "2538",
  title        = "{Structural evolution of intermittency and anisotropy
                 at different scales analysed using three-dimensional
                 wavelet tranforms}",
  volume       = "4",
  year         = "1992",
}

@Article{Brasseur94,
  author       = "J.~G. Brasseur and C.-H Wei",
  journal      = "Phys. Fluids",
  pages        = "842",
  title        = "{Interscale dynamics and local isotropy in high
                 {R}eynolds number turbulence within triadic
                 interactions}",
  volume       = "6",
  year         = "1994",
}

@InCollection{Brasseur96,
  author       = "J.~G. Brasseur and H. Gong and S. Chen",
  booktitle    = "Advances in Turbulence",
  editor       = "S. Gavrilakis et al.",
  pages        = "201--204",
  publisher    = "Kluwer",
  title        = "{Subgrid-resolved scale dynamics in isotropic
                 turbulence}",
  volume       = "VI",
  year         = "1996",
}

@Article{Brax97,
  author       = "P. Brax",
  journal      = "J. Phys. I Fr",
  number       = "6",
  pages        = "759--765",
  title        = "{A renormalization group study of three-dimensional
                 turbulence}",
  volume       = "7",
  year         = "1997",
}

@Book{Brown93,
  editor       = "Laurie M Brown",
  publisher    = "Springer-Verlag",
  title        = "{Renormalization: {F}rom {L}orentz to {L}andau (and
                 {B}eyond)}",
  year         = "1993",
}

@Article{Burattini05,
  author       = "P. Burattini and P. Lavoie and R. Antonia",
  journal      = "Phys. Fluids",
  pages        = "98103",
  title        = "{On the normalised turbulence energy dissipation
                 rate}",
  volume       = "17",
  year         = "2005",
}

@Article{Burattini06,
  author       = "P. Burattini and P. Lavoie and A. Agrawal and L. Djenidi and R. Antonia",
  journal      = "Phys. Rev. E",
  pages        = "066304",
  title        = "{Power law of decaying homogeneous isotropic turbulence at low {R}eynolds number}",
  volume       = "73",
  year         = "2006",
}

@InProceedings{Burden91,
  address      = "Berlin",
  author       = "A.~D. Burden",
  booktitle    = "Advances in Turbulence 3",
  editor       = "A.~V. Johansson and P.~H. Alfredsson",
  pages        = "387",
  publisher    = "Springer-Verlag",
  title        = "{Towards an {EDQNM}-{C}losure for Inhomogeneous
                 Turbulence}",
  year         = "1991",
}

%CCC


@Article{Callan70,
  author       = "C. G. Callan",
  journal      = "Phys. Rev. D",
  pages        = "1541",
  title        = "{Broken scale invariance in scalar field theory}",
  volume       = "2",
  year         = "1970",
}



@Article{Callen51,
  author       = "Herbert~B. Callen and Theodore~A. Welton",
  journal      = "Physical Review",
  pages        = "34--41",
  title        = "{Irreversibility and {G}eneralised {N}oise}",
  volume       = "83",
  year         = "1951",
}

@Article{Callen52,
  author       = "Herbert~B. Callen and Richard~F. Greene",
  journal      = "Physical Review",
  pages        = "702--710",
  title        = "{On a {T}heorem of {I}rreversible {T}hermodynamics}",
  volume       = "86",
  year         = "1952",
}

@Article{Cambon81,
  author       = "C. Cambon and D. Jeandel and J. Mathieu",
  journal      = "J. Fluid Mech.",
  pages        = "247",
  title        = "{Spectral modelling of homogeneous non-isotropic
                 turbulence}",
  volume       = "104",
  year         = "1981",
}

@Article{Camussi96,
  author       = "R. Camussi and D. Barbagallo and G. Guj and F. Stella",
  journal      = "Phys. Fluids",
  pages        = "1181",
  title        = "{Transverse and longitudinal scaling laws in
                 nonhomogeneous low Re turbulence}",
  volume       = "8",
  year         = "1996",
}

@Article{Cambon99,
  author       = "C. Cambon and Julian~F. Scott",
  journal      = "Ann. Rev. Fluid Mech.",
  pages        = "1",
  title        = "{Linear and nonlinear models of anisotropic
                 turbulence}",
  volume       = "31",
  year         = "1999",
}

@Article{Cao99,
  author       = "N. Cao and S. Chen and G.~D. Doolen",
  journal      = "Phys. Fluids",
  pages        = "2235--2250",
  title        = "{Statistics and structures of pressure in isotropic
                 turbulence}",
  volume       = "11",
  year         = "1999",
}

@Article{Cao04,
  author       = "Y. Cao and W.~K. Chow",
  journal      = "Physica A",
  pages        = "320--338",
  title        = "{Recursive renormalization-group calculation for the
                 eddy viscosity and thermal eddy diffusity of
                 incompressible turbulence}",
  volume       = "339",
  year         = "2004",
}



@Article{Carini10,
  author       = "Marco Carini and Maurizio",
  journal      = "Phys. Rev. E",
  pages        = "066301",
  title        = "{Direct-numerical-simulation-based measurement of the
mean impulse response function of homogeneous isotropic turbulence}",
  volume       = "82",
  year         = "2010",
}

@Article{Carati91,
  author       = "D. Carati",
  journal      = "Phys. Rev. A",
  pages        = "6932",
  title        = "{Locality hypothesis in the renormalized Navier-Stokes equation}",
  volume       = "44",
  year         = "1991",
}



@Book{Cardy08,
  author       = "J. Cardy and G. Falkovich and K. Gawedzki",
  publisher    = "Cambridge University Press, Cambridge",
  series       = "London Math. Soc. Lect. Notes Series 355",
  title        = "{Non-equilibrium Statistical Mechanics and
                 Turbulence}",
  year         = "2008",
}

@Article{Carnevale83,
  author       = "G.~F. Carnevale and Jorgen~S. Frederiksen",
  journal      = "J. Fluid Mech.",
  pages        = "289--304",
  title        = "{Viscosity renormalization based on direct-interaction
                 closure}",
  volume       = "131",
  year         = "1983",
}

@Article{Carnevale91,
  author       = "G.~F. Carnevale and M. Falcioni and S. Isola and R.
                 Purini and A. Vulpiani",
  journal      = "Phys. Fluids A",
  pages        = "2247--2254",
  title        = "{Fluctuation-response relations in systems with
                 chaotic behavior}",
  volume       = "3",
  year         = "1991",
}

@Article{Castaing90,
  author       = "B. Castaing and Y. Gagne and E.~J. Hopfinger",
  journal      = "Physica D",
  pages        = "177",
  title        = "{Velocity probability density functions of high
                 {R}eynolds number turbulence}",
  volume       = "46",
  year         = "1990",
}

@Article{Champagne70,
  author       = "F.~H. Champagne and V.~G. Harris and S. Corrsin",
  journal      = "J. Fluid Mech.",
  pages        = "81--139",
  title        = "{Experiments on nearly homogeneous turbulent shear
                 flow}",
  volume       = "41",
  year         = "1970",
}

@Article{Champagne78,
  author       = "F.~H. Champagne",
  journal      = "J. Fluid Mech.",
  pages        = "67",
  title        = "{The fine-scale structure of the turbulent velocity
                 field}",
  volume       = "86",
  year         = "1978",
}

@Article{Chang03,
  author       = "C.~C. Chang and B.-S. Lin and C.-T. Wang",
  journal      = "Phys. Rev. E",
  pages        = "1--4",
  title        = "{Solvable model in renormalization group analysis for
                 effective eddy viscosity}",
  volume       = "67",
  year         = "2003",
}

@Article{Chasnov91,
  author       = "J.~R. Chasnov",
  journal      = "Phys. Fluids A",
  pages        = "188",
  title        = "{Simulation of the {K}olmogorov inertial subrange
                 using an improved subgrid model}",
  volume       = "3",
  year         = "1991",
}

@PhdThesis{Chen68,
  author       = "W.~Y. Chen",
  school       = "University of California, San Diego, CA",
  title        = "{Spectral energy transfer and higher order corrections
                 in grid turbulence}",
  year         = "1968",
}

@Article{Chen93,
  author       = "S. Chen and G. Doolan and J.~R. Herring and R.~H.
                 Kraichnan and S.~A. Orszag and Z.~S. She",
  journal      = "Phys. Rev. Let",
  pages        = "3051--3054",
  title        = "{Far-Dissipation Range of Turbulence}",
  volume       = "70",
  year         = "1993",
}

@Article{Chen05,
  author       = "S.~Y. Chen and B. Dhruva and S. Kurien and
                  K.~R. Sreenivasan and M.~A. Taylor",
  journal      = "J. Fluid Mech.",
  pages        = "183--192",
  title        = "{Anomalous scaling of low-order structure functions
               of turbulent velocity}",
  volume       = "533",
  year         = "2005",
}
@Article{Chong90,
  author       = "M.~S. Chong and A. E. Perry and B. J. Cantwell",
  journal      = "Phys. Fluids",
  pages        = "408--420",
  title        = "{A general classification of three-dimensional flow fields}",
  volume       = "2",
  year         = "1990",
}
@Article{Chollet81,
  author       = "J.-P. Chollet and M. Lesieur",
  journal      = "J. Atmos. Sci.",
  pages        = "2747",
  title        = "{Parameterization of small scales of three-dimensional
                 isotropic turbulence utilizing spectral closures}",
  volume       = "38",
  year         = "1981",
}

@Article{Chorin88,
  author       = "A.~J. Chorin",
  journal      = "Commun.math.Phys",
  pages        = "167",
  title        = "{Scaling laws in the vortex lattice model of
                 turbulence}",
  volume       = "114",
  year         = "1988",
}

@Article{Chow95,
  author       = "C.~C. Chow and Terence Hwa",
  journal      = "Physica D",
  pages        = "494--512",
  title        = "{Defect-mediated stability: an effective hydrodynamic
                 theory of spatiotemporal chaos}",
  volume       = "84",
  year         = "1995",
}

@Article{Cichowlas05,
  author       = "Cyril Cichowlas and Pauline Bonatti and Fabrice Debbasch and Marc Brachet",
  journal      = "Phys. Rev. Lett.",
  pages        = "264502",
  title        = "{Effective Dissipation and Turbulence in Spectrally Truncated Euler Flows}",
  volume       = "95",
  year         = "2005",
}


@Article{Clark79,
  author       = "R.~A. Clark and J.~H. Ferziger and W.~C. Reynolds",
  journal      = "J. Fluid Mech.",
  pages        = "1--16",
  title        = "Evaluation of subgrid-scale models using an accurately
                 simulation turbulent flow",
  volume       = "91",
  issue        = "1",
  year         = "1979",
}

@Article{Coantic74,
  author       = "M. Coantic and A. Favre",
  journal      = "Adv.Geophys.",
  pages        = "391",
  title        = "{Activities in, and preliminary results of, air-sea
                 interaction research at {I.M.S.T.}}",
  volume       = "18A",
  year         = "1974",
}

@Article{Comte-Bellot66,
  author       = "G. Comte-Bellot and S. Corrsin",
  journal      = "J. Fluid Mech.",
  pages        = "657",
  title        = "{The use of a contraction to improve the isotropy of
                 grid-generated turbulence}",
  volume       = "25",
  year         = "1966",
}

@Article{Comte-Bellot71,
  author       = "G. Comte-Bellot and S. Corrsin",
  journal      = "J. Fluid Mech.",
  pages        = "273--337",
  title        = "{Simple {E}ulerian time correlation of full- and
                 narrow-band velocity signals in grid-generated,
                 `isotropic' turbulence}",
  volume       = "48",
  year         = "1971",
}

@Article{Corrsin64,
  author       = "S. Corrsin",
  journal      = "Phys. Fluids",
  pages        = "1156--1159",
  title        = "{Further {G}eneralization of {O}nsager's {C}ascade {M}odel for {T}urbulent {S}pectra}",
  volume       = "7",
  year         = "1964",
}

@Article{Cramer40,
  author       = "H. Cram{\'e}r",
  journal      = "Ann. Math.",
  pages        = "215--230",
  title        = "{On the theory of stationary random processes}",
  volume       = "41",
  issue        = "1",
  year         = "1940",
}

%DDD

@Article{Dannevik86,
  author       = "W.~P. Dannevik",
  journal      = "J.Sci.Comp.",
  number       = "2",
  pages        = "151",
  title        = "{Efficient solution of non-markovian covariance
                 evolution in fluid turbulence}",
  volume       = "1",
  year         = "1986",
}

@Article{Davidson00,
  author       = "P.~A. Davidson",
  journal      = "J. Turbulence",
  number       = "1",
  pages        = "1--14",
  title        = "{Was {L}oitsyansky correct? {A} review of the arguments}",
  volume       = "1",
  year         = "2000",
}

@Book{Davidson04,
  author       = "P.~A. Davidson",
  publisher    = "Oxford University Press",
  title        = "{Turbulence}",
  year         = "2004",
}

@InProceedings{Davidson08,
  author       = "P.~A. Davidson and T. Ishida and Y. Kaneda",
  booktitle    = "{IUTAM {S}ymposium on {C}omputational {P}hysics and {N}ew {P}erspectives in {T}urbulence}",
  organization = "IUTAM",
  pages        = "19--26",
  title        = "{Linear and {A}ngular {M}omentum {I}nvariants in {H}omogeneous {T}urbulence}",
  year         = "2008",
}

@Article{Davidson09,
  author       = "P.~A. Davidson",
  journal      = "J. Fluid Mech.",
  pages        = "329--358",
  title        = "{The role of angular momentum conservation in homogeneous turbulence}",
  volume       = "632",
  year         = "2009",
}

@Article{Davidson11,
  author       = "P.~A. Davidson",
  journal      = "Phys. Fluids",
  pages        = "1",
  title        = "{The minimum energy decay rate in quasi-isotropic grid turbulence}",
  volume       = "23",
  year         = "2011",
}

@Article{DeDominicis79,
  author       = "C. DeDominicis and P.~C. Martin",
  journal      = "Phys. Rev. A",
  number       = "1",
  pages        = "419--422",
  title        = "{Energy spectra of certain randomly-stirred fluids}",
  volume       = "19",
  year         = "1979",
}


@Article{Deissler86,
  author       = "R.~G. Deissler",
  journal      = "Phys, Fluids",
  pages        = "1453--1457",
  title        = "{Is {N}avier-{S}tokes turbulence chaotic?}",
  volume       = "29",
  year         = "1986",
}


@Article{Deker75,
  author       = "Uli Deker and Fritz Haake",
  journal      = "Physical Review A",
  pages        = "2043--2056",
  title        = "{Fluctuation-dissipation theorems for classical
                 processes}",
  volume       = "11",
  year         = "1975",
}


@Article{Djenidi17,
  author       = "L. Djenidi and N. Lefeuvre and M. Kamruzzaman and R.~A.
                 Antonia",
  journal      = "J. Fluid Mech.",
  pages        = "63",
  title        = "{On the normalized dissipation parameter $C_\epsilon$
in decaying turbulence}",
  volume       = "817",
  year         = "2017",
}

@Article{Djenidi19,
  author       = "L. Djenidi and R.~A. Antonia and S. L. Tang", 
  journal      = "J. Fluid Mech.",
  pages        = "244",
  title        = "{Scale invariance in finite Reynolds number
homogeneous, isotropic turbulence}",
  volume       = "864",
  year         = "2019",
}

@Article{Djenidi21,
  author       = "L. Djenidi and R.~A. Antonia and S. L. Tang", 
  journal      = "Phys. Fluids",
  pages        = "031703",
  title        = "{Mathematical constraints on the scaling exponents in the inertial range of fluid turbulence}",
  volume       = "33",
  year         = "2021",
}
@Article{Doering02,
  author       = "Charles~R. Doering and Ciprian Foias",
  journal      = "J. Fluid Mech.",
  pages        = "289--306",
  title        = "{Energy dissipation in body-forced turbulence}",
  volume       = "467",
  year         = "2002",
}

@Article{Doering05,
  author       = "Charles~R. Doering and Nikola~P. Petrov",
  journal      = "Progress in Turbulence",
  pages        = "11--18",
  title        = "{Low-wavenumber forcing and turbulent energy dissipation}",
  volume       = "101",
  number       = "1",
  year         = "2005",
}

@Article{Domaradzki87,
  author       = "J.~A. Domaradzki and R.~W. Metcalfe and R.~S. Rogallo
                 and J.~J. Riley",
  journal      = "Phys. Rev. Lett.",
  pages        = "547",
  title        = "{Analysis of subgrid-scale eddy viscosity with the use
                 of results from direct numerical simulations}",
  volume       = "58",
  year         = "1987",
}

@Article{Domaradzki90,
  author       = "J.~A. Domaradzki and R.~S. Rogallo",
  journal      = "Phys, Fluids A",
  pages        = "413",
  title        = "{Local energy transfer and nonlocal interactions in
                 homogeneous isotropic turbulence}",
  volume       = "2",
  year         = "1990",
}

@Article{Domaradzki93,
  author       = "J.~A. Domaradzki and W. Liu and M.~E. Brachet",
  journal      = "Phys. Fluids A",
  pages        = "1747",
  title        = "{An analysis of subgrid-scale interactions in
                 numerically simulated isotropic turbulence}",
  volume       = "5",
  year         = "1993",
}

@Article{Domaradzki97,
  author       = "J.~A. Domaradzki and E.~M. Saiki",
  journal      = "Phys. Fluids",
  pages        = "2148",
  title        = "{A subgrid-scale model based on the estimation of
                 unresolved scales of turbulence}",
  volume       = "9",
  year         = "1997",
}

@Article{Domaradzki99,
  author       = "J.~A. Domaradzki and K.-C. Loh",
  journal      = "Phys. Fluids",
  pages        = "2330",
  title        = "{The subgrid-scale estimation model in the physical
                 space representation}",
  volume       = "11",
  year         = "1999",
}

@Article{Domaradzki00,
  author       = "J.~A. Domaradzki and P.~P. Yee",
  journal      = "Phys. Fluids",
  pages        = "193",
  title        = "{The subgrid-scale estimation model for high
                 {R}eynolds number turbulence}",
  volume       = "12",
  year         = "2000",
}

@Article{Donini99,
  author       = "A. Donini and V. Gim{\'e}nez and L. Giusti and G. Martinelli",
  journal      = "Phys. Lett. B",
  pages        = "233--242",
  title        = "{Renormalization group invariant matrix elements of $\Delta S = 2$
                 and $\Delta I = 3/2$ four-fermion operators without quark masses}",
  volume       = "470",
  year         = "1999",
}

@Article{Donzis05,
  author       = "D.~A. Donzis and K.~R. Sreenivasan and P.~K. Yeung",
  journal      = "J. Fluid Mech.",
  pages        = "199--216",
  title        = "{Scalar dissipation rate and dissipative anomaly in
                 isotropic turbulence}",
  volume       = "532",
  year         = "2005",
}

@Article{Dryden43,
  author       = "Hugh L Dryden",
  journal      = "Q. Appl. Math.",
  pages        = "7-42",
  title        = "{A {R}eview of the {S}tatistical {T}heory of {T}urbulence}",
  volume       = "1",
  year         = "1943",
}

@Article{Dubois97,
  author       = "T. Dubois and F. Jauberteau and Y. Zhou",
  journal      = "Physica D",
  pages        = "390",
  title        = "{Influences of subgrid scale dynamics on resolvable
                 scale statistics in large-eddy simulations}",
  volume       = "100",
  year         = "1997",
}

@Book{Dubois99,
  author       = "T. Dubois and F. Jauberteau and R. Temam",
  publisher    = "Cambridge University Press",
  title        = "{Dynamic multilevel methods and the numerical
                 simulation of turbulence}",
  year         = "1999",
}

@Article{Dubrulle19,
  author       = "B\'{e}renger\'{e} Dubrulle",
  journal      = "J. Fluid Mech.",
  pages        = "1",
  title        = "{Beyond Kolmogorov cascades}",
  volume       = "867",
  year         = "2019",
}


%EEE

@Article{Eckhardt07,
  author       = "B. Eckhardt and T.~M. Schneider and B. Hof and J. Westerweel",
  journal      = "Ann. Rev. Fluid Mech.",
  pages        = "447-468",
  title        = "{Turbulence Transition in Pipe Flow}",
  volume       = "39",
  year         = "2007",
}


@Article{Edwards64,
  author       = "S.~F. Edwards",
  journal      = "J. Fluid Mech.",
  pages        = "239",
  title        = "{The statistical dynamics of homogeneous turbulence}",
  volume       = "18",
  year         = "1964",
}

@InProceedings{Edwards65,
  author       = "S.~F. Edwards",
  booktitle    = "Proc. Int. Conf. on Plasma Physics, Trieste",
  organization = "IAEA",
  pages        = "595",
  title        = "{Turbulence in hydrodynamics and plasma physics}",
  year         = "1965",
}

@Article{Edwards69,
  author       = "S.~F. Edwards and W.~D. McComb",
  journal      = "J.Phys.A",
  pages        = "157",
  title        = "{Statistical mechanics far from equilibrium}",
  volume       = "2",
  year         = "1969",
}

@Article{Edwards71,
  author       = "S.~F. Edwards and W.~D. McComb",
  journal      = "Proc.R.Soc.A",
  pages        = "313",
  title        = "{A local energy transport equation for isotropic
                 turbulence}",
  volume       = "325",
  year         = "1971",
}

@Article{Edwards72,
  author       = "S.~F. Edwards and W.~D. McComb",
  journal      = "Proc.R.Soc.Lond.A",
  pages        = "495",
  title        = "{Local transport equations for turbulent shear flow}",
  volume       = "330",
  year         = "1972",
}

@Article{Edwards02,
  author       = "S.~F. Edwards and Moshe Schwartz",
  journal      = "Physica A",
  pages        = "357--386",
  title        = "{Lagrangian statistical mechanics applied to
                 non-linear stochastic field equations}",
  volume       = "303",
  year         = "2002",
}

@Article{Effinger87,
  author       = "H. Effinger and S. Grossmann",
  journal      = "Z. Phys. B",
  pages        = "289--304",
  title        = "{Static {S}tructure {F}unction of {T}urbulent {F}low
                 from the {N}avier-{S}tokes {E}quations}",
  volume       = "66",
  year         = "1987",
}

@Article{Effinger89,
  author       = "H. Effinger and S. Grossmann",
  journal      = "Phys. Fluids A",
  pages        = "1021--1026",
  title        = "{Prandtl number dependence of turbulent temperature
                 structure functions: {A} unified theory}",
  volume       = "1",
  year         = "1989",
}

@Article{Esser99,
  author       = "A. Esser and S. Grossmann",
  journal      = "Eur. Phys. J. B",
  pages        = "467--482",
  title        = "{Nonperturbative renormalisation group approach to
                 turbulence}",
  volume       = "7",
  year         = "1999",
}

@Article{Eyink94a,
  author       = "G.~L. Eyink",
  journal      = "Phys. Fluids",
  number       = "9",
  pages        = "3063--3078",
  title        = "{The renormalization group method in statistical
                 hydrodynamics}",
  volume       = "6",
  year         = "1994",
}

@Article{Eyink94b,
  author       = "Gregory Eyink and Nigel Goldenfeld",
  journal      = "Physical Review E",
  number       = "6",
  pages        = "4679--4683",
  title        = "{Analogies between scaling in turbulence, field
                 theory, and critical phenomena}",
  volume       = "50",
  year         = "1994",
}

@Article{Eyink96,
  author       = "Gregory~L. Eyink",
  journal      = "Journal of Statistical Physics",
  pages        = "955--1019",
  title        = "{Turbulence {N}oise}",
  volume       = "83",
  year         = "1996",
}

@Article{Eyink00,
  author       = "G.~L. Eyink and D.~J. Thomson",
  journal      = "Phys. Fluids",
  pages        = "477--479",
  title        = "{Free decay of turbulence and breakdown of self-similarity}",
  volume       = "12",
  year         = "2000",
}

@Article{Eyink06,
  author       = "G.~L. Eyink and K.~R. Sreenivasan",
  journal      = "Rev. Mod. Phys.",
  pages        = "78",
  title        = "{Onsager and the {T}heory of {H}ydrodynamic {T}urbulence}",
  volume       = "87",
  year         = "2006",
}



%FFF

@Article{Falcioni90,
  author       = "M. Falcioni and S. Isola and A. Vulpiani",
  journal      = "Phys. Lett. A",
  pages        = "341",
  title        = "{Correlation functions and relaxation properties in
                 chaotic dynamics and statistical mechanics}",
  volume       = "144",
  year         = "1990",
}

@Article{Falkovich94a,
  author       = "G. Falkovich",
  journal      = "Phys. Fluids",
  number       = "4",
  pages        = "1411",
  title        = "{Bottleneck phenomenon in developed turbulence}",
  volume       = "6",
  year         = "1994",
}

@InProceedings{Falkovich06,
  author       = "G. Falkovich",
  booktitle    = "Turbulence and coherent structures in {F}luids,
                 {P}lasmas and {N}onlinear {M}edia",
  editor       = "M. Shats and H. Punzmann",
  pages        = "1",
  publisher    = "World Scientific, New Jersey",
  title        = "{Introduction to developed turbulence}",
  year         = "2006",
}

@Article{Felderhof78,
  author       = "B.~U. Felderhof",
  journal      = "J. Phys. A: Math. Gen.",
  pages        = "921--927",
  title        = "{On the derivation of the fluctuation-dissipation
                 theorem}",
  volume       = "11",
  year         = "1978",
}

@PhdThesis{Filipiak92,
  author       = "M.~J. Filipiak",
  school       = "University of Edinburgh",
  title        = "{Further assessment of the LET theory}",
  year         = "1992",
}

@Article{Foias87,
  author       = "C. Foias and O.~P. Manley and R. Temam",
  journal      = "Phys. Fluids",
  pages        = "2007",
  title        = "{Self-similar invariant families of turbulent flows}",
  volume       = "30",
  year         = "1987",
}

@PhdThesis{Ford97,
  author       = "D.~K. Ford",
  school       = "University of Illinois at Urbana-Champaign",
  title        = "{Hilbert {S}pace {P}rojections and the
                 {N}avier-{S}tokes {E}quation}",
  year         = "1997",
}

@Article{Forster76,
  author       = "D. Forster and D.~R. Nelson and M.~J. Stephen",
  journal      = "Phys. Rev. Lett.",
  number       = "15",
  pages        = "867--869",
  title        = "{Long-time tails and the large-eddy behaviour of a
                 randomly stirred fluid}",
  volume       = "36",
  year         = "1976",
}

@Article{Forster77,
  author       = "D. Forster and D.~R. Nelson and M.~J. Stephen",
  journal      = "Phys. Rev. A",
  number       = "2",
  pages        = "732--749",
  title        = "{Large-distance and long-time properties of a randomly
                 stirred fluid}",
  volume       = "16",
  year         = "1977",
}

@Article{Fournier83,
  author       = "J.-D. Fournier and U. Frisch",
  journal      = "Phys. Rev. A",
  number       = "2",
  pages        = "1000--1002",
  title        = "{Remarks on the renormalization group in statistical
                 fluid dynamics}",
  volume       = "28",
  year         = "1983",
}

@Article{Frederiksen94,
  author       = "J.~S. Frederiksen and A.~G. Davies and R.~C. Bell",
  journal      = "Phys. Fluids",
  number       = "9",
  pages        = "3153",
  title        = "{Closure theories with non-gaussian restarts for
                 truncated two dimensional turbulence}",
  volume       = "6",
  year         = "1994",
}

@Article{Frederiksen97,
  author       = "J.~S. Frederiksen and A.~G. Davies",
  journal      = "J. Atmos. Sci.",
  pages        = "2475--2492",
  title        = "{Eddy viscosity and stochastic backscatter
                 parameterizations on the sphere for atmospheric
                 circulation models}",
  volume       = "54",
  year         = "1997",
}

@TechReport{Frederiksen97a,
  author       = "J.~S. Frederiksen and A.~G. Davies",
  institution  = "CSIRO Division of Atmospheric Research",
  month        = apr,
  title        = "{Energy spectra of cumulant update closures with
                 non-local interactions for two-dimensional
                 turbulence}",
  year         = "1997",
}

@TechReport{Frederiksen97b,
  author       = "J.~S. Frederiksen and A.~G. Davies",
  institution  = "CSIRO Division of Atmospheric Research",
  month        = nov,
  title        = "{Energy spectra of cumulant update closures for
                 two-dimensional turbulence}",
  year         = "1997",
}

@Article{Frederiksen99,
  author       = "J.~S. Frederiksen",
  journal      = "J. Atmos. Sci.",
  pages        = "1481--1494",
  title        = "{Subgrid-scale parameterizations of eddy-topographic
force, eddy viscosity and stochastic backscatter for flow over topography}",
  volume       = "56",
  year         = "1999",
}


@Article{Frederiksen00,
  author       = "Jorgen~S. Frederiksen and Antony~G. Davies",
  journal      = "Geophys. Astrophys. Fluid Dynamics",
  pages        = "197",
  title        = "{Dynamics and spectra of cumulant update closures for
                 two-dimensional turbulence}",
  volume       = "92",
  year         = "2000",
}

@Article{Frederiksen04,
  author       = "Jorgen~S. Frederiksen and Antony~G. Davies",
  journal      = "Geophys. Astrophys. Fluid Dynamics",
  pages        = "203",
  title        = "{The {R}egularized {DIA} {C}losure {F}or
                 {T}wo-{D}imensional {T}urbulence}",
  volume       = "98",
  year         = "2004",
}

@Article{Frederiksen05,
  author       = "Jorgen~S. Frederiksen and Terence~J. O'Kane",
  journal      = "J. Fluid. Mech.",
  pages        = "137--165",
  title        = "{Inhomogeneous closure and statistical mechanics for
                 {R}ossby wave turbulence over topography}",
  volume       = "539",
  year         = "2005",
}

@Article{Frederiksen16,
  author       = "Vassili Kitsios and Jorgen~S. Frederiksen and Meelis
J. Zidikheri",
  journal      = "Nonlin. Processes Geophys.",
  pages        = "95--105",
  title        = "{Theoretical comparison of subgrid turbulence in
atmospheric and oceanic quasi-geostrophic models}",
  volume       = "23",
  year         = "2016",
}



@Article{Frenkel71,
  author       = "N.~F. Frenkel and P.~S. Klebanoff",
  journal      = "J. Fluid Mech.",
  pages        = "183",
  title        = "{Statistical properties of velocity derivatives in a
                 turbulent field}",
  volume       = "48",
  year         = "1971",
}

@Article{Frey94,
  author       = "Erwin Frey and Uwe~Claus Tauber",
  journal      = "Physical Review E",
  pages        = "1024--1045",
  title        = "{Two-loop renormalization-group analysis of the
                 {B}urgers-{K}ardar-{P}arisi-{Z}hang equation}",
  volume       = "50",
  year         = "1994",
}

@Article{Frisch76,
  author       = "U. Frisch and M. Lesieur and P.~L. Sulem",
  journal      = "Phys. Rev. Lett.",
  number       = "14",
  pages        = "895--897",
  title        = "{Crossover {D}imensions for {F}ully {D}eveloped
                 {T}urbulence}",
  volume       = "37",
  year         = "1976",
}

@Article{Frisch78,
  author       = "U. Frisch and Pierre.-Louis Sulem and Mark Nelkin",
  journal      = "J. Fluid Mech.",
  pages        = "719",
  title        = "{A simple dynamical model of intermittent fully
                 developed turbulence}",
  volume       = "87",
  year         = "1978",
}

@Article{Frisch80,
  author       = "U. Frisch and M. Lesieur and D. Schertzer",
  journal      = "J. Fluid Mech.",
  pages        = "181",
  title        = "{Comments on the quasi-normal {M}arkovian
                 approximation for fully-developed turbulence}",
  volume       = "97",
  year         = "1980",
}

@Book{Frisch95,
  author       = "U. Frisch",
  publisher    = "Cambridge University Press",
  title        = "{{T}urbulence: the legacy of {A}. {N}. {K}olmogorov}",
  year         = "1995",
}

@Article{Fukayama00,
  author       = "D. Fukayama and T. Oyamada and T. Nakano and T. Gotoh
                 and K. Yamamoto",
  journal      = "J. Phys. Soc. Japan",
  pages        = "701",
  title        = "{Longitudinal structure functions in decaying and
                 forced turbulence}",
  volume       = "69",
  year         = "2000",
}

@PhdThesis{Fullerton00,
  author       = "G.~F.Fullerton",
  school       = "University of Edinburgh",
  title        = "{Investigation of {N}on-{N}ewtonian {F}luid
		 {T}urbulence via {D}irect {N}umerical {S}imulation}",
  year         = "2000",
}


@Article{Fureby97,
  author       = "C. Fureby and G. Tabor and H.~G. Weller and A.~D.
                 Gosman",
  journal      = "Phys. Fluids",
  pages        = "1416",
  title        = "{A comparative study of subgrid scale models in
                 homogeneous isotropic turbulence}",
  volume       = "9",
  year         = "1997",
}

%GGG

@Article{Gamard00,
  author       = "S. Gamard and W.~K. George",
  journal      = "Flow, turbulence and combustion",
  pages        = "443--477",
  title        = "{Reynolds number dependence of energy spectra in the
                 overlap region of isotropic turbulence}",
  volume       = "63",
  year         = "1999",
}

@Article{George92,
  author       = "W.~K. George",
  journal      = "Phys. Fluids A",
  pages        = "1492",
  title        = "{The decay of isotropic turbulence}",
  volume       = "4",
  year         = "1992",
}

@Article{George09,
  author       = "William K. George and Honglu Wang",
  journal      = "Phys. Fluids",
  pages        = "025108-1--025108-7",
  title        = "{The exponential decay of homogeneous turbulence}",
  volume       = "21",
  year         = "2009",
}

@InProceedings{George14,
  address      = "",
  author       = "W.~K. George",
  booktitle    = "Turbulence colloquium {M}arseille 2011: Fundamental
problems of Turbulence, 50 years after the {M}arseille 1961 Conference",
  editor       = "M. Farge and H. K. Moffat and K Schneider",
  pages        = "1",
  publisher    = "EDP Science",
  title        = "{Reconsidering the `local equilibrium' hypothesis for
small scale turbulence}",
  year         = "2014",
}


@Article{Germano86,
  author       = "M. Germano",
  journal      = "Phys. Fluids",
  pages        = "2323--2324",
  title        = "{A proposal for a redefinition of the turbulent
                 stresses in the filtered Navier-Stokes equations}",
  volume       = "29",
  year         = "1986",
}

@Article{Germano91,
  author       = "M. Germano and U. Piomelli and P. Moin and W.~H.
                 Cabot",
  journal      = "Phys. Fluids A",
  pages        = "1760",
  title        = "{A dynamic subgrid-scale eddy-viscosity model}",
  volume       = "11",
  year         = "1991",
}

@Article{Germano92,
  author       = "M. Germano",
  journal      = "J. Fluid Mech.",
  pages        = "325",
  title        = "{Turbulence: the filtering approach}",
  volume       = "238",
  year         = "1992",
}

@Article{Geurts97,
  author       = "B.~J. Geurts",
  journal      = "Phys. Fluids",
  pages        = "3585",
  title        = "{Inverse modeling for large-eddy simulation}",
  volume       = "9",
  year         = "1997",
}

@Book{Geurts01,
  editor       = "B.~J. Geurts",
  publisher    = "R. T. Edwards, Inc.",
  title        = "{Modern simulation strategies for turbulent flow}",
  year         = "2001",
}

@Article{Giles94,
  author       = "M.~J. Giles",
  journal      = "Phys. Fluids",
  number       = "2",
  pages        = "595--604",
  title        = "{Turbulence renormalization group calculations using
                 statistical mechanics methods}",
  volume       = "6",
  year         = "1994",
}

@Article{Giles97,
  author       = "M.~J. Giles",
  journal      = "Applied Scientific Research",
  pages        = "223--234",
  title        = "{Probability {D}istribution {F}unctions for {S}mall
                 {S}cale {T}urbulence}",
  volume       = "57",
  year         = "1997",
}

@Article{Girimaji97,
  author       = "S.~S. Girimaji",
  journal      = "Phys. Fluids",
  pages        = "1067--1077",
  title        = "{A {G}alilean invariant explicit {R}eynolds stress
                 model for turbulent curved flows}",
  volume       = "9",
  year         = "1997",
}

@Article{Godeferd01,
  author       = "F.~S. Godeferd and C. Cambon and J.~F. Scott",
  journal      = "J. Fluid Mech.",
  pages        = "393",
  title        = "{Two-point closures and their applications: report on
                 workshop}",
  volume       = "436",
  year         = "2001",
}

@Book{Goldstein38,
  author       = "S. Goldstein",
  publisher    = "Oxford University Press",
  title        = "{Modern developments in fluid dynamics}",
  year         = "1938",
}

@Article{Gong99,
  author       = "H. Gong and S. Chen and G.~W. He",
  journal      = "Acta Mechanica Sinica",
  pages        = "108",
  title        = "{An analysis of subgrid-resolved scale interactions
                 with use of results from direct numerical
                 simulations}",
  volume       = "15",
  year         = "1999",
}

@Article{Goren98,
  author       = "Gilad Goren and Jean.-Pierre Eckmann and Itamar
                 Procaccia",
  journal      = "Physical Review E",
  pages        = "4106--4134",
  title        = "{Scenario for the onset of space-time chaos}",
  volume       = "57",
  year         = "1998",
}

@Article{Goto09,
  author       = "S. Goto and J.~C. Vassilicos",
  journal      = "Phys. Fluids",
  pages        = "35104",
  title        = "{The dissipation rate coefficient of turbulence is not
                 universal and depends on the internal stagnation point
                 structure}",
  volume       = "21",
  year         = "2009",
}


@Article{Gorbunova,
  author       = "A. Gorbunova and G. Balarac and L. Canet and G. Eyink and V. Rossetto",
  journal      = "Phys. Fluids",
  pages        = "045114",
  title        = "{Spatio-temporal correlations in three-dimensional homogeneous and isotropic turbulence}",
  volume       = "33",
  year         = "2021",
}

@Article{Gotoh01,
  author       = "T. Gotoh and D. Fukayama",
  journal      = "Phys. Rev. Lett.",
  pages        = "3775",
  title        = "{Pressure spectrum in homogeneous turbulence}",
  volume       = "86",
  year         = "2001",
}

@Article{Gotoh02,
  author       = "T. Gotoh and D. Fukayama and T. Nakano",
  journal      = "Phys. Fluids",
  pages        = "1065",
  title        = "{Velocity field statistics in homogeneous steady
                 turbulence obtained using a high-resolution direct
                 numerical simulation}",
  volume       = "14",
  year         = "2002",
}

@Article{Grant62,
  author       = "H.~L. Grant and R.~W. Stewart and A. Moilliet",
  journal      = "J. Fluid Mech.",
  pages        = "241--268",
  title        = "{Turbulence spectra from a tidal channel}",
  volume       = "12",
  year         = "1962",
}

@Article{Greene51,
  author       = "Richard~F. Greene and Herbert~B. Callen",
  journal      = "Physical Review",
  pages        = "1231--1235",
  title        = "{On the {F}ormalism of {T}hermodynamic {F}luctuation
                 {T}heory}",
  volume       = "83",
  year         = "1951",
}

@Article{Grossmann94,
  author       = "S. Grossmann and D. Lohse",
  journal      = "Phys. Rev. E",
  pages        = "2784",
  title        = "{Universality in fully developed turbulence}",
  volume       = "50",
  year         = "1994",
}

@Article{Grossmann95,
  author       = "S. Grossmann",
  journal      = "Phys. Rev. E",
  pages        = "6275",
  title        = "{Asymptotic dissipation rate in turbulence}",
  volume       = "51",
  year         = "1995",
}

@Article{Grossmann97,
  author       = "S. Grossmann and D. Lohse and A. Reeh",
  journal      = "Phys. Rev. E",
  pages        = "5473",
  title        = "{Application of extended self-similarity in
                 turbulence}",
  volume       = "56",
  year         = "1997",
}

@Article{Gurbatov97,
  author       = "S.~N. Gurbatov and S.~I. Simdyankin and E. Aurell and 
  U. Frisch and G. T{\'o}th",
  journal      = "J. Fluid Mech.",
  pages        = "339",
  title        = "{On the decay of Burgers turbulence}",
  volume       = "344",
  year         = "1997"
}

@Article{Gustafsson11,
  author = "Gustafsson, J. and George, W.~K.",
  journal = "Physics Letters A",
  number = "30-31",
  pages = "2850--2853",
  title = "{Energy spectra at low wavenumbers in homogeneous incompressible 
       turbulence}",
  volume = "375",
  year = "2011"
}


%HHH

@Article{Haller05,
  author       = "G. Haller",
  journal      = "J. Fluid Mech.",
  pages        = "1--26",
  title        = "{An objective definition of a vortex}",
  volume       = "525",
  year         = "2005"
}

@Article{Hartel97,
  author       = "C. Hartel and L. Kleiser",
  journal      = "Physics of Fluids",
  pages        = "473--475",
  title        = "{Galilean invariance and filtering dependence of
                 near-wall grid-scale/subgrid-scale interactions in
                 large-eddy simulation}",
  volume       = "9",
  year         = "1997",
}

@Article{Hayot00,
  author       = "F. Hayot and C. Jayaprakash",
  journal      = "Physics of Fluids",
  pages        = "327--334",
  title        = "{Relations between intermittency and structure
                 function exponents in turbulence}",
  volume       = "12",
  year         = "2000",
}

@Article{He02,
  author       = "G. He and R. Rubenstein and L.-P. Wang",
  journal      = "Physics of Fluids",
  pages        = "2186",
  title        = "{Effects of eddy viscosity on time correlations in
                 large eddy simulation}",
  volume       = "14",
  year         = "2002",
}


@Article{He17,
  author       = "G. He and G. Jin and Y. Yang",
  journal      = "Ann. Rev. Fluid Mech.",
  pages        = "51",
  title        = "{Space-time correlations and dynamic coupling in
turbulent flows}",
  volume       = "49",
  year         = "2017",
}


@Article{Heisenberg48,
  author       = "W. Heisenberg",
  journal      = "Proc. R. Soc. A",
  pages        = "402",
  title        = "{On the theory of statistical and isotropic
                 turbulence}",
  volume       = "195",
  year         = "1948",
}

@Article{Helland77,
  author       = "K.~N. Helland and C.~W.~Van Atta and G.~R. Stegen",
  journal      = "J. Fluid Mech.",
  pages        = "337--359",
  title        = "{Spectral energy transfer in high {R}eynolds number
                 turbulence}",
  volume       = "79",
  year         = "1977",
}

@Article{Henkel04,
  author       = "Malte Henkel and Gunter~M. Sch{\"u}tz",
  journal      = "J. Phys. A: Math. Gen.",
  pages        = "591--604",
  title        = "{On the universality of the fluctuation-dissipation
                 ratio in non-equilibrium critical dynamics}",
  volume       = "37",
  year         = "2004",
}

@Article{Herring65,
  author       = "J.~R. Herring",
  journal      = "Phys. Fluids",
  pages        = "2219",
  title        = "{Self-consistent field approach to turbulence
                 theory}",
  volume       = "8",
  year         = "1965",
}

@Article{Herring66,
  author       = "J.~R. Herring",
  journal      = "Phys. Fluids",
  pages        = "2106",
  title        = "{Self-consistent field approach to nonstationary
                 turbulence}",
  volume       = "9",
  year         = "1966",
}

@InBook{Herring72,
  author       = "J.~R. Herring and R.~H. Kraichnan",
  chapter      = "Statistical Models and Turbulence",
  pages        = "148",
  publisher    = "Springer, Berlin",
  title        = "{Comparison of some approximations for isotropic
                 turbulence {L}ecture {N}otes in {P}hysics}",
  volume       = "12",
  year         = "1972",
}

@Article{Herring73,
  author       = "J.~R. Herring and J.~J. Riley and G.~S. Patterson and R.~H. Kraichnan",
  journal      = "J. Atmos. Sci.",
  pages        = "997--1006",
  title        = "{Growth of uncertainty in decaying isotropic turbulence}",
  volume       = "30",
  year         = "1973",
}

@Article{Herring74,
  author       = "J.~R. Herring",
  journal      = "Phys. Fluids",
  pages        = "859",
  title        = "{Approach of axisymmetric turbulence to isotropy}",
  volume       = "17",
  year         = "1974",
}

@Article{Herring79,
  author       = "J.~R. Herring and R.~H. Kraichnan",
  journal      = "J. Fluid Mech.",
  pages        = "581",
  title        = "{A numerical comparison of velocity-based and
                 strain-based {L}agrangian-history turbulence
                 approximations}",
  volume       = "91",
  year         = "1979",
}

@Article{Herring82,
  author       = "J. R. Herring and D. Schertzer and M. Lesieur and G. R. Newman and J. P. Chollet and M. Larcheveque",
  journal      = "J. Fluid Mech.",
  pages        = "411",
  title        = "{A comparative assessment of spectral closures as applied to passive scalar diffusion}",
  volume       = "124",
  year         = "1982",
}

@Article{Herring92,
  author       = "J.~R. Herring and O. Metais",
  journal      = "J. Fluid Mech",
  pages        = "103--121",
  title        = "{Spectral transfer and bispectra for turbulence with
                 passive scalars}",
  volume       = "235",
  year         = "1992",
}

@Article{Herring93,
  author       = "J.~R. Herring and R.~M. Kerr",
  journal      = "Phys. Fluids A",
  title        = "{Development of enstrophy and spectra in numerical
                 turbulence}",
  volume       = "5",
  issue        = "11",
  year         = "1993",
}

@Article{Heun00,
  author       = "K. Heun",
  journal      = "Z. Math. Phys.",
  title        = "{Neue Methoden zur approximativen Integration der
                Differentialgleichungen einer unabh\"angigen Ver\"anderlichen}",
  volume       = "45",
  pages        = "23-38",
  year         = "1900",
}

@Book{Hinze59,
  author       = "J.~O. Hinze",
  edition      = "1st",
  publisher    = "McGraw-Hill, New York",
  title        = "{Turbulence}",
  year         = "1959",
}

@Book{Hinze75,
  author       = "J.~O. Hinze",
  edition      = "2nd",
  publisher    = "McGraw-Hill, New York",
  title        = "{Turbulence}",
  year         = "1975",
}

@Article{Hof06,
  author       = "B. Hof and J. Westerweel and T.~M. Schneider and B. Eckhardt",
  journal      = "Nature",
  pages        = "59-62",
  title        = "{Finite lifetime of turbulence in shear flows}",
  volume       = "443",
  year         = "2006",
}


@Article{Hopf52,
  author       = "E. Hopf",
  journal      = "J. Rat. Mech. Anal.",
  pages        = "87 - 123",
  title        = "{Statistical {Hydromechanics} and {F}unctional {C}alculus}",
  volume       = "1",
  year         = "1952",
}

@Article{Horner79,
  author       = "H. Horner and R. Lipowsky",
  journal      = "Z.Phys.B",
  pages        = "223",
  title        = "{On the {T}heory of {T}urbulence: {A} non {E}ulerian
                 {R}enormalized {E}xpansion}",
  volume       = "33",
  year         = "1979",
}

@Article{Hosokawa86,
  author       = "I. Hosokawa and K. Yamamoto",
  journal      = "Phys. Fluids",
  pages        = "2013",
  title        = "{Energy decay of 3-dimensional isotropic turbulence}",
  volume       = "29",
  year         = "1986",
}

@TechReport{Hou98,
  author       = "T.~Y. Hou and X.-H. Wu and S. Chen and Y. Zhou",
  institution  = "ICASE",
  number       = "98-40",
  title        = "{Effect of finite computational domain on turbulence
                 scaling law in both physical and spectral spaces}",
  type         = "Report",
  year         = "1998",
}

@Book{Huang63,
  author       = "C. Huang",
  publisher    = "Wiley",
  title        = "{Statistical {Mechanics}}",
  year         = "1963",
}

@InCollection{Hughes17,
  author       = "T.~J.~R. Hughes and G. Scovazzi and L.~P. Franca",
  booktitle    = "Encyclopedia of Computational Mechanics Second Edition",
  editor       = "E. Stein and R. de Borst and T.~J.~R. Hughes",
  pages        = "1--102",
  publisher    = "Wiley",
  title        = "{Multiscale and Stabilized Methods}",
   year         = "2017",
}

@Article{Hughes04,
  author       = "T.~J.~R. Hughes and G.~N. Wells and A.~A. Wray",
  journal      = "Phys. Fluids",
  number       = "11",
  pages        = "4044--4052",
  title        = "{Energy transfers and spectral eddy viscosity in
                 large-eddy simulations of homogeneous isotropic
                 turbulence: {C}omparison of dynamic {S}magorinsky and
                 multiscale models over a range of discretizations}",
  volume       = "16",
  year         = "2004",
}

@InProceedings{Hunt88,
  address      = "",
  author       = "J. C. R. Hunt and A. A. Wray and P. Moin",
  booktitle    = "Center for {T}urbulence {R}esearch: Proceedings of the {S}ummer {P}rogram",
  editor       = "",
  pages        = "193--208",
  publisher    = "",
  title        = "{Eddies, streams and convergence zones in turbulent flows}",
  year         = "1988",
}

@InProceedings{Hunter99,
  address      = "New York",
  author       = "A. Hunter and C. Johnston and D. McComb and A. Young",
  booktitle    = "Turbulence and Shear Flow - 1. First International
                 Symposium",
  editor       = "S. Banerjee and J.~K. Eaton",
  pages        = "353--358",
  publisher    = "Begell House Inc.",
  title        = "{Investigation of the {R}enormalization {G}roup using
                 numerical simulations of turbulence}",
  year         = "1999",
}

@PhdThesis{Hunter00,
  author       = "A. Hunter",
  school       = "University of Edinburgh",
  title        = "{{A}n {I}nvestigation of {R}enormalization {G}roup
                 {M}ethods in the {S}tudy of {F}luid {T}urbulence and
                 their {D}evelopment for {L}arge {E}ddy {S}imulations}",
  year         = "2000",
}

@Article{Hurst07,
  author       = "D. Hurst and J.~C. Vassilicos",
  journal      = "Phys. Fluids",
  pages        = "035103",
  title        = "{Scalings and decay of fractal-generated turbulence}",
  volume       = "19",
  year         = "2007"
}

@Article{Huang94,
  author       = "M.-J. Huang and A. Leonard",
  journal      = "Phys. Fluids",
  pages        = "3765",
  title        = "{Power-law decay of homogeneous turbulence at low {R}eynolds numbers}",
  volume       = "6",
  number       = "11",
  year         = "1994"
}

@Article{Hwang04,
  author       = "W. Hwang and J.~K. Eaton",
  journal      = "Experiments in Fluids",
  pages        = "444",
  title        = "{Creating homogeneous and isotropic turbulence without
                 a mean flow}",
  volume       = "36",
  year         = "2004",
}

%III

@Article{Ichiyanagi91,
  author       = "Masakazu Ichiyanagi",
  journal      = "Journal of the Physical Society of Japan",
  pages        = "3271--3288",
  title        = "{A {C}ontribution to the {T}heory of {N}onequilibrium
                 {S}tatistical {M}echanics. {V}. {A}
                 {F}luctuation-{D}issipation {T}heorem for
                 {N}onequilibrium {S}tationary {S}tates}",
  volume       = "60",
  year         = "1991",
}

@Article{Ishida06,
  author       = "T. Ishida and P.~A. Davidson and Y. Kaneda",
  journal      = "J. Fluid Mech.",
  pages        = "455--475",
  title        = "{On the decay of isotropic turbulence}",
  volume       = "564",
  year         = "2006",
}

@Article{Ishihara07,
  author       = "T. Ishihara and Y. Kaneda and M. Yokokawa and K. Itakura and A. Uno",
  journal      = "J. Fluid Mech.",
  pages        = "335--366",
  title        = "{Small-scale statistics in high-resolution direct numerical simulation of turbulence: {R}eynolds number dependence of one-point velocity gradient statistics}",
  volume       = "592",
  year         = "2007",
}

@Article{Ishihara09,
  author       = "T. Ishihara and T. Gotoh and Y. Kaneda",
  journal      = "Ann. Rev. Fluid Mech.",
  pages        = "165",
  title        = "{Study of high-{R}eynolds number isotropic turbulence
                 by direct numerical simulation}",
  volume       = "41",
  year         = "2009",
}

@Article{Isserlis18,
  author       = "L. Isserlis",
  journal      = "Biometrika",
  pages        = "134--139",
  title        = "{On a formula for the product-moment coefficient in
any number of variables}",
  volume       = "12",
  year         = "1918",
}

%JJJ

@Book{Jauberteau99,
  author       = "F. Jauberteau and T. Dubois and R. Temam",
  publisher    = "Cambridge University Press",
  title        = "{Dynamical {M}ultilevel {Methods} and the {N}umerical
                 {S}imulation of {T}urbulence}",
  year         = "1999",
}

@Article{Jensen81,
  author       = "R.~V. Jensen",
  journal      = "J. Stat. Phys.",
  pages        = "183",
  title        = "{Functional {I}ntegral {A}pproach to {C}lassical
                 {S}tatistical {D}ynamics}",
  volume       = "25",
  year         = "1981",
}

@Article{Jeong95,
  author       = "J. Jeong and F. Hussain",
  journal      = "J. Fluid Mech.",
  pages        = "69--94",
  title        = "{On the identification of a vortex}",
  volume       = "285",
  year         = "1995",
}

@Article{Jimenez93,
  author       = "J. Jim{\'e}nez and A.~A. Wray and P.~G. Saffman and
                 R.~S. Rogallo",
  journal      = "J. Fluid Mech.",
  pages        = "65",
  title        = "{The structure of intense vorticity in isotropic
                 turbulence}",
  volume       = "255",
  year         = "1993",
}

@InProceedings{Jimenez95,
  address      = "Singapore",
  author       = "J. Jim{\'e}nez",
  booktitle    = "Fluid Physics",
  editor       = "M.~G. Velarde and C.~I. Christov",
  pages        = "543",
  publisher    = "World Scientific",
  title        = "{Temp}",
  year         = "1977",
}

@Article{Johnston00,
  author       = "C. Johnston and W.~D. McComb",
  journal      = "Phys. Rev E",
  pages        = "15304",
  title        = "{Renormalized expression for the turbulent energy
                 dissipation rate}",
  volume       = "63",
  year         = "2000",
}

@PhdThesis{Johnston00a,
  author       = "C. Johnston",
  school       = "University of Edinburgh",
  title        = "{A study of the renormalization group as a model for
                 large-eddy simulations of turbulence}",
  year         = "2000",
}

%KKK

@Article{Kailasnath92,
  author       = "P. Kailasnath and K.~R. Sreenivasan and G.
                 Stolovitzky",
  journal      = "Phys. Rev. Lett.",
  number       = "18",
  pages        = "2766--2769",
  title        = "{Probablility Density of Velocity Incrementss in
                 Turbulent Flows}",
  volume       = "68",
  year         = "1992",
}

@Article{Kaneda81,
  author       = "Y. Kaneda",
  journal      = "J. Fluid Mech.",
  pages        = "131--145",
  title        = "{Renormalized expansions in the theory of turbulence
                 with the use of the {L}agrangian position function}",
  volume       = "107",
  year         = "1981",
}

@Article{Kaneda03,
  author       = "Y. Kaneda and T. Ishihara and M. Yokokawa and K.
                 Itakura and A. Uno",
  journal      = "Phys. Fluids",
  pages        = "L21",
  title        = "{Energy dissipation and energy spectrum in high
                 resolution direct numerical simulations of turbulence
                 in a periodic box}",
  volume       = "15",
  year         = "2003",
}

@Article{Kaneda06,
  author       = "Y. Kaneda and T. Ishihara",
  journal      = "Journal of Turbulence",
  pages        = "1--17",
  title        = "{High-resolution direct numerical simulation of
                 turbulence}",
  volume       = "7",
  year         = "2006",
}

@Article{Kaneda08,
  author       = "Y. Kaneda and J. Yoshino and T. Ishihara",
  journal      = "J. Phys. Soc. Japan",
  pages        = "064401",
  title        = "Examination of {K}olmogorov's 4/5 {L}aw by
	         {H}igh-{R}esolution {D}irect {N}umerical {S}imulation
		 {D}ata of {T}urbulence",
  volume       = "77",
  year         = "2008",
}

@Article{Kawasaki70,
  author       = "Kyozi Kawasaki",
  journal      = "Annals of Physics",
  pages        = "1--56",
  title        = "{Kinetic {E}quations and {T}ime {C}orrelation
                 {F}unctions of {C}ritical {F}luctuations}",
  volume       = "61",
  year         = "1970",
}

@Article{Kerr85,
    author     = "R.~M. Kerr",
    journal    = "J. Fluid Mech.",
    pages      = "31--58",
    title      = "{Higher-order derivative correlations and the alignment of
                  small-scale structures in isotropic numerical turbulence}",
    volume     = "153",
    year       = "1985"
}

@Article{Kerr90,
  author       = "R.~M. Kerr",
  journal      = "J. Fluid Mech.",
  pages        = "309",
  title        = "{Velocity, scalar and transfer spectra in numerical
                 turbulence}",
  volume       = "211",
  year         = "1990",
}

@Article{Kerr93,
  author       = "R.~M. Kerr",
  journal      = "Phys. Fluids A",
  title        = "{Evidence for a singularity of the three-dimensional,
                 incompressible {E}uler equations}",
  volume       = "5",
  issue        = "7",
  year         = "1993",
}

@Article{Kerr96,
  author       = "R.~M. Kerr and J.~A. Domaradzki and G. Barbier",
  journal      = "Phys. Fluids",
  pages        = "197",
  title        = "{Small-scale properties of nonlinear interactions and
                 subgrid-scale transfer in isotropic turbulence}",
  volume       = "8",
  year         = "1996",
}

@Article{Kida97,
  author       = "S. Kida and S. Goto",
  journal      = "J. Fluid Mech.",
  pages        = "307--345",
  title        = "{A {L}agrangian direct-interaction approximation for
                 homogeneous isotropic turbulence}",
  volume       = "345",
  year         = "1997",
}

@Article{Kistler66,
  author       = "A.~L. Kistler and T. Vrebalovich",
  journal      = "J. Fluid Mech.",
  pages        = "37",
  title        = "{Grid turbulence at large {R}eynolds numbers}",
  volume       = "26",
  year         = "1966",
}

@Article{Kitamura21,
    author     = "Takuya Kitamurar",
    journal    = "J. Fluid Mech.",
    pages      = "A28",
    title      = "{Spectral theory of passive scalar with mean scalar gradient}",
    volume     = "923",
    year       = "2021"
}


@Article{Kitsios12,
  author       = "V. Kitsios and J.~S. Frederiksen and M.~J. Zidikheri",
  journal      = "J. Atmos. Sci.",
  title        = "{Subgrid model with scaling laws for atmospheric
                 simulation}",
  volume       = "in press",
  year         = "2012",
}

@Article{Kiyani04,
  author       = "K. Kiyani and W.~D. McComb",
  journal      = "Physical Review E",
  pages        = "66303--66304",
  title        = "{Time-ordered fluctuation-dissipation relation for
                 incompressible isotropic turbulence}",
  volume       = "70",
  year         = "2004",
}

@PhdThesis{Kiyani05,
  author       = "K. Kiyani",
  school       = "University of Edinburgh",
  title        = "{An assessment of renormalization methods in the
                 statistical theory of isotropic turbulence}",
  year         = "2005",
}

@Article{Kolmogorov41a,
  author       = "A.~N. Kolmogorov",
  journal      = "C. R. Acad. Sci. URSS",
  pages        = "301",
  title        = "{The local structure of turbulence in incompressible
                 viscous fluid for very large {R}eynolds numbers}",
  volume       = "30",
  year         = "1941",
}

@Article{Kolmogorov41b,
  author       = "A.~N. Kolmogorov",
  journal      = "C. R. Acad. Sci. URSS",
  pages        = "16",
  title        = "{Dissipation of energy in locally isotropic
                 turbulence}",
  volume       = "32",
  year         = "1941",
}

@Article{Kolmogorov41c,
  author       = "A.~N. Kolmogorov",
  journal      = "C. R. Acad. Sci. URSS",
  pages        = "538",
  title        = "{On the degeneration of isotropic turbulence in an
                 incompressible fluid}",
  volume       = "31",
  year         = "1941",
}

@Article{Kolmogorov62,
  author       = "A.~N. Kolmogorov",
  journal      = "J. Fluid Mech.",
  pages        = "82--85",
  title        = "{A refinement of previous hypotheses concerning the
                 local structure of turbulence in a viscous
                 incompressible fluid at high {R}eynolds number}",
  volume       = "13",
  year         = "1962",
}

@Article{Kolmogorov91a,
  author       = "A.~N. Kolmogorov",
  journal      = "Proc. {R}oy {S}oc. {L}ond.",
  pages        = "9--13",
  title        = "{The local structure of turbulence in incompressible
                 viscous fluid for very large {R}eynolds numbers}",
  volume       = "434",
  year         = "1991",
}

@Article{Kolmogorov91b,
  author       = "A.~N. Kolmogorov",
  journal      = "Proc. {R}oy {S}oc. {L}ond.",
  pages        = "15--17",
  title        = "{Dissipation of energy in locally isotropic
                 turbulence}",
  volume       = "434",
  year         = "1991",
}

@Article{Kraichnan58,
  author       = "R.~H. Kraichnan",
  journal      = "Phys. Rev.",
  number       = "5",
  pages        = "1407--1422",
  title        = "{Irreversible statistical mechanics of incompressible
                 hydromagnetic turbulence}",
  volume       = "109",
  year         = "1958",
}

@Article{Kraichnan59a,
  author       = "R.~H. Kraichnan",
  journal      = "Physical Review",
  pages        = "1181--1182",
  title        = "{Classical {F}luctuation-{R}elaxation {T}heorem}",
  volume       = "113",
  year         = "1959",
}

@Article{Kraichnan59b,
  author       = "R.~H. Kraichnan",
  journal      = "J. Fluid Mech.",
  pages        = "497--543",
  title        = "{The structure of isotropic turbulence at very high
                 {R}eynolds numbers}",
  volume       = "5",
  year         = "1959",
}

@Article{Kraichnan61,
  author       = "R.~H. Kraichnan",
  journal      = "J.Math.Phys",
  number       = "1",
  pages        = "124",
  title        = "{Dynamics of nonlinear stochastic systems}",
  volume       = "2",
  year         = "1961",
}

@Article{Kraichnan64a,
  author       = "R.~H. Kraichnan",
  journal      = "Phys. Fluids",
  number       = "1",
  pages        = "142--143",
  title        = "{Relation between {L}agrangian and {E}ulerian
                 {C}orrelation {T}imes of a {T}urbulent {V}elocity
                 {F}ield}",
  volume       = "7",
  year         = "1964",
}

@Article{Kraichnan64b,
  author       = "R.~H. Kraichnan",
  journal      = "Phys. Fluids",
  number       = "7",
  pages        = "1030--1048",
  title        = "{Decay of isotropic turbulence in the
                 {D}irect-{I}nteraction {A}pproximation}",
  volume       = "7",
  year         = "1964",
}

@Article{Kraichnan64c,
  author       = "R.~H. Kraichnan",
  journal      = "Phys. Fluids",
  number       = "7",
  pages        = "1048--1062",
  title        = "{Direct-interaction approximation for shear and
                 thermally driven turbulence}",
  volume       = "7",
  year         = "1964",
}

@Article{Kraichnan64d,
  author       = "R.~H. Kraichnan",
  journal      = "Phys. Fluids",
  number       = "8",
  pages        = "1163--1168",
  title        = "{Approximations for steady-state isotropic
                 turbulence}",
  volume       = "7",
  year         = "1964",
}

@Article{Kraichnan64e,
  author       = "R.~H. Kraichnan",
  journal      = "Phys. Fluids",
  number       = "8",
  pages        = "1169--1177",
  title        = "{Diagonalizing Approximation for Inhomogeneous
                 Turbulence}",
  volume       = "7",
  year         = "1964",
}

@Article{Kraichnan64f,
  author       = "R.~H. Kraichnan",
  journal      = "Phys. Fluids",
  pages        = "1717--1719",
  title        = "{Mixed {L}agrangian-{E}ulerian {A}pproach to
                 {T}urbulent {D}ispersion}",
  volume       = "7",
  year         = "1964",
}

@Article{Kraichnan64g,
  author       = "R.~H. Kraichnan",
  journal      = "Phys. Fluids",
  pages        = "1723--1734",
  title        = "{Kolmogorov's hypotheses and {E}ulerian turbulence
                 theory}",
  volume       = "7",
  year         = "1964",
}

@Article{Kraichnan65,
  author       = "R.~H. Kraichnan",
  journal      = "Phys. Fluids",
  number       = "4",
  pages        = "575--598",
  title        = "{{L}agrangian-history closure approximation for
                 turbulence}",
  volume       = "8",
  year         = "1965",
}

@Article{Kraichnan66,
  author       = "R.~H. Kraichnan",
  journal      = "Phys. Fluids",
  number       = "9",
  pages        = "1728",
  title        = "{Isotropic turbulence and inertial-range structure}",
  volume       = "9",
  year         = "1966",
}

@Article{Kraichnan70,
  author       = "R.~H. Kraichnan",
  journal      = "J. Fluid Mech.",
  pages        = "189",
  title        = "{Convergents to turbulence functions}",
  volume       = "41",
  year         = "1970",
}

@Article{Kraichnan71a,
  author       = "R.~H. Kraichnan",
  journal      = "J. Fluid Mech.",
  pages        = "525",
  title        = "{Inertial-range transfer in two- and three-dimensional
                 turbulence}",
  volume       = "47",
  year         = "1971",
}

@Article{Kraichnan71b,
  author       = "R.~H. Kraichnan",
  journal      = "J. Fluid Mech.",
  pages        = "513",
  title        = "{An almost-{M}arkovian {G}alilean-invariant turbulence
                 model}",
  volume       = "47",
  year         = "1971",
}

@Article{Kraichnan72,
  author       = "R.~H. Kraichnan",
  journal      = "J. Fluid Mech.",
  pages        = "287",
  title        = "{Test-field model for inhomogeneous turbulence}",
  volume       = "56",
  year         = "1972",
}

@article{Kraichnan73,
author = {R. H. Kraichnan},
year = {1973},
month = {},
pages = {745 - 752},
title = {Helical turbulence and absolute equilibrium},
volume = {59},
journal = {Journal of Fluid Mechanics},
doi = {10.1017/S0022112073001837}
}

@Article{Kraichnan74,
  author       = "R.~H. Kraichnan",
  journal      = "J. Fluid Mech.",
  pages        = "305",
  title        = "{On {K}olmogorov's inertial-range theories}",
  volume       = "62",
  year         = "1974",
}

@Article{Kraichnan75,
  author       = "R.~H. Kraichnan",
  journal      = "Adv. Math.",
  pages        = "305",
  title        = "{Remarks on {T}urbulence {T}heory}",
  volume       = "16",
  year         = "1975",
}

@Article{Kraichnan76,
  author       = "R.~H. Kraichnan",
  journal      = "J. Atmos. Sci.",
  pages        = "1521",
  title        = "{Eddy-viscosity in two and three dimensions}",
  volume       = "33",
  year         = "1976",
}

@Article{Kraichnan77,
  author       = "R.~H. Kraichnan",
  journal      = "J. Fluid Mech.",
  pages        = "349",
  title        = "{Eulerian and {L}agrangian renormalization in
                 turbulence theory}",
  volume       = "83",
  year         = "1977",
}





@Article{Kraichnan78,
  author       = "R.~H. Kraichnan and J.~R. Herring",
  journal      = "J. Fluid Mech.",
  pages        = "355",
  title        = "{A strain-based {L}agrangian-history turbulence
                 theory}",
  volume       = "88",
  year         = "1978",
}

@article{Kraichnan80,
author = {R. H. Kraichnan and D. Montgomery},
year = {1980},
month = {06},
pages = {},
title = {Two-Dimensional Turbulence},
volume = {43},
journal = {Reports on Progress in Physics},
doi = {10.1088/0034-4885/43/5/001}
}

@Article{Kraichnan82,
  author       = "R.~H. Kraichnan",
  journal      = "Phys. Rev. A",
  number       = "6",
  title        = "{Hydrodynamic turbulence and the renormalization
                 group}",
  volume       = "25",
  year         = "1982",
}

@InProceedings{Kraichnan85,
  author       = "R.~H. Kraichnan",
  booktitle    = "Theoretical Approaches to Turbulence",
  editor       = "D.~L. Dwoyer and M.~Y. Hussaini and R.~G. Voigt",
  pages        = "91--135",
  publisher    = "Springer Verlag",
  title        = "{Decimated amplitude equations in turbulence
                 dynamics}",
  year         = "1985",
}

@Article{Kraichnan87a,
  author       = "R.~H. Kraichnan",
  journal      = "Phys. Fluids",
  number       = "8",
  pages        = "2400--2405",
  title        = "{An interpretation of the {Y}akhot-{O}rszag turbulence
                 theory}",
  volume       = "30",
  year         = "1987",
}

@Article{Kraichnan87b,
  author       = "R.~H. Kraichnan",
  journal      = "Complex Systems",
  pages        = "805--820",
  title        = "{Eddy {V}iscosity and {D}iffusivity: {E}xact
                 {F}ormulas and {A}pproximations}",
  volume       = "1",
  year         = "1987",
}

@Article{Kraichnan00,
  author       = "R.~H. Kraichnan",
  journal      = "Physica A",
  pages        = "30--36",
  title        = "{Deviations from fluctuation-relaxation relations}",
  volume       = "279",
  year         = "2000",
}

@Book{Kreyszig88,
  address      = "New York",
  author       = "E. Kreyszig",
  publisher    = "Wiley",
  title        = "{Advanced {E}ngineering {M}athematics}",
  year         = "1988",
}

@Article{Krogstad10,
  author       = "P.~\AA. Krogstad and P.~A. Davidson",
  journal      = "J. Fluid Mech.",
  pages        = "373--394",
  title        = "{Is grid turbulence Saffman turbulence?}",
  volume       = "642",
  year         = "2010",
}

@Article{Krogstad11,
  author       = "P.~\AA. Krogstad and P.~A. Davidson",
  journal      = "J. Fluid Mech.",
  pages        = "417--434",
  title        = "{Freely decaying, homogeneous turbulence generated
                 by multi-scale grids}",
  volume       = "680",
  year         = "2011",
}

@Article{Kubo57,
  author       = "Ryogo Kubo",
  journal      = "Journal of the Physical Society of Japan",
  pages        = "570--586",
  title        = "{Statistical-{M}echanical {T}heory of {I}rreversible
                 {P}rocesses. 1}",
  volume       = "12",
  year         = "1957",
}

@Article{Kubo66,
  author       = "R. Kubo",
  journal      = "Reports on Progress in Physics",
  pages        = "255--284",
  title        = "{The fluctuation-dissipation theorem}",
  volume       = "29",
  year         = "1966",
}

@Article{Kuczaj06,
  author       = "Arkadiusz~K. Kuczaj and Bernard~J. Geurts and W.~David
                 McComb",
  journal      = "Phys. Rev. E",
  pages        = "16306--16313",
  title        = "{Nonlocal modulation of the energy cascade in
                 broadband-forced turbulence}",
  volume       = "74",
  year         = "2006",
}

@Article{Kuerten99,
  author       = "J.~G.~M. Kuerten and B.~J. Geurts and A.~W. Vreman and
                 M. Germano",
  journal      = "Phys. Fluids",
  pages        = "3778",
  title        = "{Dynamic inverse modelling and its testing in
                 large-eddy simulations of the mixing layer}",
  volume       = "11",
  year         = "1999",
}

%LLL


@Article{Lam92,
  author       = "S.~H. Lam",
  journal      = "Phys, Fluids A",
  pages        = "1007--1018",
  title        = "{On the {R}{N}{G} theory of turbulence}",
  volume       = "4",
  year         = "1992",
}



@Book{Landau59,
  author       = "L.~D. Landau and E.~M. Lifshitz",
  edition      = "{E}nglish",
  publisher    = "Pergamon Press, London",
  title        = "{Fluid Mechanics}",
  year         = "1959",
}

@Article{Langford99,
  author       = "J.~A. Langford and R.~D. Moser",
  journal      = "J. Fluid Mech.",
  pages        = "321",
  title        = "{Optimal {LES} formulations for isotropic
                 turbulence}",
  volume       = "398",
  year         = "1999",
}

@Article{Lavoie07,
  author       = "P. Lavoie and L. Djenidi and R.~A. Antonia",
  journal      = "J. Fluid Mech.",
  pages        = "395--420",
  title        = "{Effects of initial conditions in decaying turbulence
                  generated by passive grids}",
  volume       = "585",
  year         = "2007",
}

@Article{Lebedev94,
  author       = "V.~V. Lebedev and V.~S. Lvov",
  journal      = "Physical Review E",
  pages        = "959--962",
  title        = "{Hidden symmetry, exact relations, and a
                 small-parameter in the {K}ardar-{P}arisi-{Z}hang
                 problem with strong-coupling}",
  volume       = "49",
  year         = "1994",
}

@Book{Lebellac91,
  address      = "Oxford",
  author       = "M. {Le Bellac}",
  publisher    = "Clarendon Press",
  title        = "{Quantum and {S}tatistical {F}ield {T}heory}",
  year         = "1991",
}

@Article{Lee65,
  author       = "L.~L. Lee",
  journal      = "Ann.Phys",
  pages        = "292",
  title        = "{A formulation of the theory of isotropic
                 hydromagnetic turbulence in an incompressible fluid}",
  volume       = "32",
  year         = "1965",
}

@Article{Leith71,
  author       = "C.~E. Leith",
  journal      = "J. Atmos. Sci.",
  pages        = "145--161",
  title        = "{Atmospheric predictability and two-dimensional
                 turbulence}",
  volume       = "28",
  year         = "1971",
}

@Article{Leith75,
  author       = "C.~E. Leith",
  journal      = "J. Atmos. Sci.",
  pages        = "2022--2026",
  title        = "{Climate response and fluctuation dissipation}",
  volume       = "32",
  year         = "1975",
}

@Article{Leith90,
  author       = "C.~E. Leith",
  journal      = "Phys. Fluids A",
  pages        = "297",
  title        = "{Stochastic backscatter in a subgrid-scale model:
                 plane shear mixing layer}",
  volume       = "2",
  year         = "1990",
}

@Article{Leonard74,
  author       = "A. Leonard",
  journal      = "Advances in Geophys.",
  pages        = "237",
  title        = "{Energy cascade in {L}arge-{E}ddy {S}imulations of
                 turbulent fluid flows}",
  volume       = "18",
  year         = "1974",
}

@Article{Lesieur89,
  author       = "M. Lesieur and R. Rogallo",
  journal      = "Phys. Fluids A",
  pages        = "718",
  title        = "{Large-eddy simulation of passive scalar diffusion in
                 isotropic turbulence}",
  volume       = "1",
  year         = "1989",
}

@Article{Lesieur96,
  author       = "M. Lesieur and O. Metais",
  journal      = "Ann. Rev. Fluid Mech.",
  pages        = "45",
  title        = "{New trends in large-eddy simulations of turbulence}",
  volume       = "28",
  year         = "1996",
}

@Article{Lesieur00,
  author       = "M. Lesieur and S. Ossia",
  journal      = "J. Turbulence",
  pages        = "25",
  title        = "{3D isotropic turbulence at very high Reynolds numbers:
                  EDQNM study}",
  volume       = "1",
  year         = "2000",
}

@Book{Lesieur08,
  author       = "Marcel Lesieur",
  edition      = "4th",
  publisher    = "Springer, Dordrecht",
  title        = "{Turbulence in {F}luids}",
  year         = "2008",
}



@Book{Leslie73,
  author       = "D.~C. Leslie",
  publisher    = "Clarendon Press, Oxford",
  title        = "{Developments in the theory of turbulence}",
  year         = "1973",
}

@Article{Leslie79,
  author       = "D.~C. Leslie and G.~L. Quarini",
  journal      = "J. Fluid Mech.",
  pages        = "65",
  title        = "{The application of turbulence theory to the
                 formulation of subgrid modelling procedures}",
  volume       = "91",
  year         = "1979",
}

@Article{Lewis62,
  author       = "R. M. Lewis and R. H. Kraichnan",
  journal      = "Comm. Pure. Appl. Math.",
  pages        = "397 - 411",
  title        = "{A space-time functional formalism for turbulence}",
  volume       = "XV",
  year         = "1962",
}


@Article{Lindborg99,
  author       = "Erik Lindborg",
  journal      = "Phys. Fluids",
  pages        = "510",
  title        = "{Correction to the four-fifths law due to variations
                 of the dissipation}",
  volume       = "11",
  year         = "1999",
}

@Article{Linkmann15a,
  author       = "M.~F. Linkmann and A. Berera and W.~D. McComb and M.~E. McKay",
  journal      = "Phys. Rev. Lett.",
  pages        = "235001",
  title        = "{Nonuniversality and {F}inite {D}issipation in
{D}ecaying {M}agnetohydrodynamic {T}urbulence}",
  volume       = "114",
  year         = "2015",
}
@Article{Linkmann15b,
  author       = "M.~F. Linkmann and A. Morozov",
  journal      = "Phys. Rev. Lett.",
  pages        = "134502",
  title        = "{Sudden relaminarization and lifetimes in forced isiotropic turbulence}",
  volume       = "115",
  year         = "2015",
}



@Article{Liu94,
  author       = "S. Liu and C. Meneveau and J. Katz",
  journal      = "J. Fluid Mech.",
  pages        = "83--119",
  title        = "{On the properties of similarity subgrid-scale models
                 as deduced from measurements in a turbulent jet}",
  volume       = "275",
  year         = "1994",
}

@Article{Llor11,
  author = "Llor, A.",
  journal = "European Journal of Mechanics - B/Fluids",
  number = "5",
  pages = "480--504",
  title = "{Langevin equation of big structure dynamics in turbulence: 
       Landau's invariant in the decay of homogeneous isotropic turbulence}",
  volume = "30",
  year = "2011"
}


@Article{Llor13,
  author = "Llor, A. and Soulard, O.",
  journal = "Physics Letters A",
  pages = {3--5},
  title = "{Comment on “Energy spectra at low wavenumbers in homogeneous 
       incompressible turbulence}",
  volume = "377",
  year = "2013"
}

@Article{Loh99,
  author       = "K.~.-C. Loh and A. Domaradzki",
  journal      = "Phys. Fluids",
  pages        = "3786",
  title        = "{The subgrid-scale estimation model on nonuniform
                 grids}",
  volume       = "11",
  year         = "1999",
}

@Article{Lohse95,
  author       = "D. Lohse and A. Muller-Groeling",
  journal      = "Phys. Rev. Lett.",
  number       = "10",
  pages        = "1747",
  title        = "{Bottleneck effects in turbulence: scaling phenomena
                 in r versus p space}",
  volume       = "74",
  year         = "1995",
}

@Article{Lohse94,
  author       = "Detlef Lohse",
  journal      = "Phys. Rev. Lett.",
  number       = "22",
  pages        = "3223",
  title        = "{Crossover from {H}igh to {L}ow {R}eynolds {N}umber
                 {T}urbulence}",
  volume       = "73",
  year         = "1994",
}

@Article{Lohse96,
  author       = "D. Lohse and A. Muller-Groeling",
  journal      = "Phys. Rev. E",
  pages        = "395",
  title        = "{Anisotropy and scaling corrections in turbulence}",
  volume       = "54",
  year         = "1996",
}

@Article{Loitsyansky39,
  author       = "L.~G. Loitsyansky",
  journal      = "Rep. Cent. Aero. Hydrodyn. Inst. (Moscow)",
  pages        = "3-23",
  title        ="{Some basic laws for isotropic turbulent flow}",    
  volume       = "440",
  year         = "1939",
}


@Article{Lucor07,
  author       = "D. Lucor and J. Meyers and P. Sagaut",
  journal      = "J. Fluid Mech.",
  pages        = "255",
  title        = "{Sensitivity analysis of large-eddy simulations to
subgrid-scale-model parametric uncertainty using polynomial chaos}",
  volume       = "585",
  year         = "2007",
}



@Article{Lumley64,
  author       = "J.~L. Lumley",
  journal      = "J. Atmos. Sci.",
  pages        = "99",
  title        = "{The spectrum of nearly inertial turbulence in a
                 stably stratified fluid}",
  volume       = "21",
  year         = "1964",
}

@Article{Lumley01,
  author       = "J.~L. Lumley and A. M. Yaglom",
  journal      = "Flow, Turbulence and Combustion",
  pages        = "241",
  title        = "{A {C}entury of {T}urbulence}",
  volume       = "66",
  year         = "2001",
}

@Article{Lundgren02,
  author       = "Thomas~S. Lundgren",
  journal      = "Phys. Fluids",
  pages        = "638",
  title        = "{Kolmogorov two-thirds law by matched asymptotic
                 expansion}",
  volume       = "14",
  year         = "2002",
}

@Article{Lundgren03,
  author       = "Thomas~S. Lundgren",
  journal      = "Phys. Fluids",
  pages        = "1074",
  title        = "{Kolmogorov turbulence by matched asymptotic
                 expansion}",
  volume       = "15",
  year         = "2003",
}

@Article{Lundgren08,
  author       = "Thomas~S. Lundgren",
  journal      = "Phys. Fluids",
  pages        = "31301",
  title        = "{Turbulent scaling}",
  volume       = "20",
  year         = "2008",
}

@Article{Lundquist52,
  author       = "S. Lundquist",
  journal      = "Arkiv f. Fysik",
  pages        = "297--347",
  title        = "{Studies in magneto-hydrodynamics}",
  volume       = "5",
  year         = "1952",
}

%MMM

@Article{Ma75,
  author       = "S. Ma and G. F. Mazenko",
  journal      = "Phys. Rev. B",
  pages        = "4077--4100",
  title        = "{Critical dynamics of ferromagnets in $6-\epsilon$ dimensions}",
  volume       = "11",
  year         = "1975",
}


@Article{Machiels97a,
  author       = "L. Machiels",
  journal      = "Phys. Rev. Lett.",
  number       = "18",
  pages        = "3411--3414",
  title        = "{Predictability of small-scale motion in isotropic
                 fluid turbulence}",
  volume       = "79",
  year         = "1997",
}

@PhdThesis{Machiels97b,
  author       = "L. Machiels",
  school       = "EPF Lausanne",
  title        = "{Simulation and theory of randomly forced turbulence}",
  year         = "1999",
}


@Article{Machiels98,
  author       = "L. Machiels",
  journal      = "Phys. Rev. E",
  number       = "18",
  pages        = "6191--6194",
  title        = "{Viscosity and force corrections induced by the
                 elimination of scales of motion in randomly forced
                 turbulence}",
  volume       = "57",
  year         = "1998",
}

@Article{Mailybaev12,
  author       = "A. A. Mailybaev",
  journal      = "Phys. Rev. E",
  number       = "",
  pages        = "025301",
  title        = "{Computation of anomalous scaling exponents of
turbulence from self-similar instanton dynamics}",
  volume       = "86",
  year         = "2012",
}



@Article{Mandelbrot74,
  author       = "B.~B. Mandelbrot",
  journal      = "J. Fluid Mech.",
  pages        = "331",
  title        = "{Intermittent turbulence in self-similar cascades:
                 divergence of high moments and dimension of the
                 carrier}",
  volume       = "62",
  year         = "1974",
}

@Article{Mansour94,
  author       = "N.~N. Mansour and A.~A. Wray",
  journal      = "Phys. Fluids",
  pages        = "808--814",
  title        = "{Decay of isotropic turbulence at low Reynolds number}",
  volume       = "6",
  year         = "1994",
}

@Article{Marstorp07,
  author       = "L. Marstorp and G. Brethouwer and A.~V. Johansson",
  journal      = "Phys. Fluids",
  pages        = "35107",
  title        = "{A stochastic subgrid model with application to
                 turbulent flow and scalar mixing}",
  volume       = "19",
  year         = "2007",
}

@Article{Martin73,
  author       = "P.~C. Martin and E.~D. Siggia and H.~A. Rose",
  journal      = "Phys. Rev. A",
  number       = "1",
  pages        = "423--437",
  title        = "{Statistical {D}ynamics of {C}lassical {S}ystems}",
  volume       = "8",
  year         = "1973",
}

@Article{Martin78,
  author       = "P.~C. Martin and C.~De Dominicis",
  journal      = "Supp.Prog.Theor.Phys",
  pages        = "108",
  title        = "{The {L}ong {D}istance {B}ehavior of {R}andomly
                 {S}tirred {F}luids}",
  volume       = "64",
  year         = "1978",
}

@Article{Mason92,
  author       = "P.~J. Mason and D.~J. Thomson",
  journal      = "J. Fluid Mech.",
  pages        = "51",
  title        = "{Stochastic backscatter in large-eddy simulations of
                 boundary layers}",
  volume       = "242",
  year         = "1992",
}

@Book{Matthews65,
  author       = "J. Matthews and R.~L. Walker",
  publisher    = "W.A.Benjamin",
  title        = "{Mathematical {M}ethods of {P}hysics}",
  year         = "1965",
}

@Article{Mazellier08,
  author       = "N. Mazellier and J.~C. Vassilicos",
  journal      = "Phys. Fluids",
  pages        = "15101",
  title        = "{The turbulence dissipation constant is not universal
                 because of its universal dependence on large-scale flow
                 topology}",
  volume       = "20",
  year         = "2008",
}

@Article{Mazellier10,
  author       = "N. Mazellier and J.~C. Vassilicos",
  journal      = "Phys. Fluids",
  pages        = "075101",
  title        = "{Turbulence without Richardson-Kolmogorov cascade}",
  volume       = "22",
  year         = "2010"
}

@Article{Mazzi04,
  author       = "B Mazzi and J C Vassilicos",
  journal      = "J. Fluid Mech.",
  pages        = "65",
  title        = "{Fractal-generated turbulence}",
  volume       = "502",
  year         = "2004",
}

@Article{McComb73,
  author       = "W.~D. McComb",
  journal      = "Nature Physical Science",
  number       = "110",
  pages        = "117-118",
  title        = "{The turbulent dynamics of an elastic fibre suspension: a mechanism for drag reduction}",
  volume       = "241",
  year         = "1973",
}


@Article{McComb74,
  author       = "W.~D. McComb",
  journal      = "J.Phys.A",
  number       = "5",
  pages        = "632",
  title        = "{A local energy transfer theory of isotropic
                 turbulence}",
  volume       = "7",
  year         = "1974",
}

@Article{McComb76,
  author       = "W.~D. McComb",
  journal      = "J.Phys.A",
  pages        = "179",
  title        = "{The inertial range spectrum from a local energy
                 transfer theory of isotropic turbulence}",
  volume       = "9",
  year         = "1976",
}

@Article{McComb78,
  author       = "W.~D. McComb",
  journal      = "J.Phys.A:Math.Gen.",
  number       = "3",
  pages        = "613",
  title        = "{A theory of time dependent, isotropic turbulence}",
  volume       = "11",
  year         = "1978",
}

@Article{McComb82,
  author       = "W.~D. McComb",
  journal      = "Phys. Rev. A",
  number       = "2",
  pages        = "1078--1094",
  title        = "{Reformulation of the statistical equations for
                 turbulent shear flow}",
  volume       = "26",
  year         = "1982",
}

@Article{McComb83,
  author       = "W.~D. McComb and V. Shanmugasundaram",
  journal      = "Phys. Rev. A",
  pages        = "2588",
  title        = "{Fluid {T}urbulence and the {R}enormalization {G}roup:
                 {A} {P}reliminary {C}alculation of the {E}ddy
                 {V}iscosity}",
  volume       = "28",
  year         = "1983",
}

@Article{McComb84,
  author       = "W.~D. McComb and V. Shanmugasundaram",
  journal      = "J. Fluid Mech.",
  pages        = "95--123",
  title        = "{Numerical calculations of decaying isotropic
                 turbulence using the {L}{E}{T} theory}",
  volume       = "143",
  year         = "1984",
}

@InProceedings{McComb85a,
  author       = "W.~D. McComb",
  booktitle    = "Theoretical Approaches to Turbulence",
  editor       = "D.~L. Dwoyer and M.~Y. Hussaini and R.~G. Voigt",
  pages        = "",
  publisher    = "Springer Verlag",
  title        = "{Renormalization {G}roup {Methods} and {T}urbulence}",
  year         = "1985",
}


@Article{McComb85b,
  author       = "W.~D. McComb and V. Shanmugasundaram",
  journal      = "J. Phys. A",
  pages        = "2189--2191",
  title        = "{Renormalization group calculation of the eddy
                 viscosity for isotropic turbulence}",
  volume       = "18",
  year         = "1985",
}

@InProceedings{McComb86,
  author       = "W.~D. McComb",
  booktitle    = "Direct and {L}arge {E}ddy {S}imulation of
                 {T}urbulence",
  editor       = "U. Schumann and R. Friedrich",
  pages        = "67--81",
  publisher    = "Vieweg",
  title        = "{Application of {R}enormalization {G}roup methods to
                 the subgrid modelling problem}",
  year         = "1986",
}

@Article{McComb89,
  author       = "W.~D. McComb and V. Shanmugasundaram and P.
                 Hutchinson",
  journal      = "J. Fluid Mech.",
  pages        = "91",
  title        = "{Velocity derivative skewness and two-time velocity
                 correlations of isotropic turbulence as predicted by
                 the {L}{E}{T} theory}",
  volume       = "208",
  year         = "1989",
}

@Book{McComb90a,
  author       = "W.~D. McComb",
  publisher    = "Oxford University Press",
  title        = "{The {P}hysics of {F}luid {T}urbulence}",
  year         = "1990",
}

@Article{McComb90b,
  author       = "W.~D. McComb and A.~G. Watt",
  journal      = "Phys. Rev. Lett.",
  number       = "26",
  pages        = "3281--3284",
  title        = "{Conditional averaging procedure for the elimination
                 of the small-scale modes from incompressible fluid
                 turbulence at high {Reynolds} numbers}",
  volume       = "65",
  year         = "1990",
}

@Article{McComb92,
  author       = "W.~D. McComb and M.~J. Filipiak and V.
                 Shanmugasundaram",
  journal      = "J. Fluid Mech.",
  pages        = "279--300",
  title        = "{Rederivation and further assessment of the {L}{E}{T}
                 theory of isotropic turbulence, as applied to passive
                 scalar convection}",
  volume       = "245",
  year         = "1992",
}

@Article{McComb92a,
  author       = "W.~D. McComb and W. Roberts and A.~G. Watt",
  journal      = "Phys. Rev. A",
  number       = "6",
  pages        = "3507--3515",
  title        = "{Conditional-averaging procedure for problems with
                 mode-mode coupling}",
  volume       = "45",
  year         = "1992",
}

@Article{McComb92b,
  author       = "W.~D. McComb and A.~G. Watt",
  journal      = "Phys. Rev. A",
  number       = "8",
  pages        = "4797--4812",
  title        = "{Two-field theory of incompressible-fluid
                 turbulence}",
  volume       = "46",
  year         = "1992",
}

@Article{McComb95,
  author       = "W.~D. McComb",
  journal      = "Rep. Prog. Phys.",
  pages        = "1117--1206",
  title        = "{Theory of turbulence}",
  volume       = "58",
  year         = "1995",
}

@Article{McComb96,
  author       = "W.~D. McComb and R.~V.~R. Pandya",
  journal      = "J. Phys. A:Math. Gen.",
  pages        = "L629",
  title        = "{Hidden symmetry in a conservative equation for
                 nonlinear growth}",
  volume       = "29",
  year         = "1996",
}

@InProceedings{McComb97,
  author       = "W.~D. McComb and T.-J. Yang and A. Young and L.
                 Machiels",
  booktitle    = "Proc. Eleventh Symposium on Turbulent Shear Flows",
  title        = "{Investigation of renormalization group methods for
                 the numerical simulation of isotropic turbulence}",
  year         = "1997",
}

@Article{McComb98,
  author       = "W.~D. McComb and A.~J. Young",
  journal    = "Presented at 2nd Monte Verita Colloquium on Fundamental
                 Problematic Issues in Turbulence: available at
                 arXiv:physics/9806029 v1",
  title        = "{Explicit-{S}cales {P}rojections of the {P}artitioned
                 {N}onlinear {T}erm in {D}irect {N}umerical {S}imulation
                 of the {Navier-Stokes} Equation}",
  year         = "1998",
}


@Book{McComb99,
  author       = "W.~D. McComb",
  publisher    = "Oxford University Press",
  title        = "{Dynamics and Relativity}",
  year         = "1999",
}

@InProceedings{McComb99a,
  author       = "W.~D. McComb and C. Johnston",
  booktitle    = "Turbulence {S}tructure and {V}ortex {D}ynamics,
                 Proceedings of the Symposium at the Isaac Newton
                 Institute Cambridge",
  editor       = "J.~C.~R. Hunt and J.~C. Vassilicos",
  publisher    = "CUP",
  title        = "{Conditional mode elimination with asymptotic freedom
                 for isotropic turbulence at large {R}eynolds numbers}",
  year         = "1999",
}

@Article{McComb00,
  author       = "W.~D. McComb and C. Johnston",
  journal      = "J. Phys. A:Math. Gen.",
  pages        = "L15--L20",
  title        = "{Elimination of turbulence modes using a conditional
                 average with asymptotic freedom}",
  volume       = "33",
  year         = "2000",
}

@Article{McComb01,
  author       = "W.~D. McComb and C. Johnston",
  journal      = "Physica A",
  pages        = "346",
  title        = "{Conditional mode elimination and scale-invariant
                 dissipation in isotropic turbulence}",
  volume       = "292",
  year         = "2001",
}

@Article{McComb01a,
  author       = "W.~D. McComb and A. Hunter and C. Johnston",
  journal      = "Phys. Fluids",
  pages        = "2030",
  title        = "{Conditional mode-elimination and the
                 subgrid-modelling problem for isotropic turbulence}",
  volume       = "13",
  year         = "2001",
}

@Article{McComb03,
  author       = "W.~D. McComb and A.~P. Quinn",
  journal      = "Physica A",
  pages        = "487--508",
  title        = "{Two-point, two-time closures applied to forced
                 isotropic turbulence}",
  volume       = "317",
  year         = "2003",
}

@Book{McComb04,
  author       = "W.~D. McComb",
  publisher    = "Oxford University Press",
  title        = "{Renormalization Methods: {A} {G}uide for {B}eginners}",
  year         = "2004",
}

@Article{McComb05a,
  author       = "W.~D. McComb",
  journal      = "Phys. Rev. E",
  pages        = "37301",
  title        = "{Galilean invariance and vertex renormalization}",
  volume       = "71",
  year         = "2005",
}

@Article{McComb05b,
  author       = "W.~D. McComb and K. Kiyani",
  journal      = "Phys. Rev. E",
  pages        = "16309--16312",
  title        = "{Eulerian spectral closures for isotropic turbulence
                 using a time-ordered fluctuation-dissipation
                 relation}",
  volume       = "72",
  year         = "2005",
}

@Article{McComb06,
  author       = "W.~D. McComb",
  journal      = "Phys. Rev. E",
  pages        = "26303--26307",
  title        = "{Asymptotic freedom, non-{G}aussian perturbation
                 theory, and the application of renormalization group
                 theory to isotropic turbulence}",
  volume       = "73",
  year         = "2006",
}

@Article{McComb08,
  author       = "David McComb",
  journal      = "J. Phys. A: Math. Theor.",
  pages        = "75501",
  title        = "{Scale-invariance in three-dimensional turbulence: a
                 paradox and its resolution}",
  volume       = "41",
  year         = "2008",
}

@Article{McComb09a,
  author       = "David McComb",
  journal      = "J. Phys. A: Math. Theor.",
  pages        = "125501",
  title        = "{Scale-invariance and the inertial-range spectrum in
                 three-dimensional stationary, isotropic turbulence}",
  volume       = "42",
  year         = "2009",
}

@Article{McComb09b,
  author       = "David McComb",
  journal      = "J. Phys. A: Math. Theor.",
  pages        = "175501",
  title        = "{A fluctuation-relaxation relation for homogeneous,
                 isotropic turbulence}",
  volume       = "42",
  year         = "2009",
}

@Article{McComb09c,
  author       = "David McComb",
  journal      = "arXiv:0909.4951v1[physics.flu-dyn]",
  title        = "{Taylor's dissipation surrogate and its associated
                 anomaly}",
  year         = "2009",
}

@Article{McComb10a,
  author       = "W.~David McComb and Arjun Berera and Matthew Salewski
                 and Sam~R. Yoffe",
  journal      = "arXiv:1002.2131v1[physics.flu-dyn]",
  title        = "{An exact expression for the Reynolds number
                 dependence of the dissipation rate in homogeneous
                 isotropic turbulence}",
  year         = "2010",
}

@Article{McComb10b,
  author       = "W.~David McComb and Arjun Berera and Matthew Salewski
                 and Sam~R. Yoffe",
  journal      = "Phys. Fluids",
  pages        = "61704",
  title        = "{Taylor's (1935) dissipation surrogate
                 reinterpreted}",
  volume       = "22",
  year         = "2010",
}

@Article{McComb11,
    author     = "W.~D. McComb",
    title      = "{{Kolmogorov's Theory: K41 or K62}}",
    journal    = "ERCOFTAC Bulletin",
    year       = "2011",
    volume     = "88"
}



@Book{McComb14a,
  author       = "W.~David McComb",
  publisher    = "Oxford University Press",
  title        = "{Homogeneous, {I}sotropic {T}urbulence:
{P}henomenology, {R}enormalization and {S}tatistical {C}losures}",
  year         = "2014",
}

@Article{McComb14b,
    author     = "W.~D. McComb and S.~R. Yoffe and M.~F. Linkmann and A. Berera",
    journal    = "Phys. Rev. E",
    pages      = "053010",
    title      = "{{Spectral analysis of structure functions and their
    scaling exponents in forced isotropic turbulence}}",
    volume     = "90",
    year       = "2014",
}

@Article{McComb15a,
    author     = "W.~D. McComb  and A. Berera and S.~R. Yoffe and M.~F. Linkmann",
    journal    = "Phys. Rev. E",
    pages      = "043013",
    title      = "{{Energy transfer and dissipation in forced isotropic turbulence}}",
    volume     = "91",
    year       = "2015",
}

@Article{McComb15b,
    author     = "W.~D. McComb and M.~F. Linkmann and A. Berera and S.~R.
Yoffe and B. Jankauskas",
    journal    = "J. Phys. A Math.Theor.",
    pages      = "25FT01",
    title      = "{{Self-organization and transition to turbulence in
isotropic fluid motion driven by negative damping at low wavenumbers}}",
    volume     = "48",
    year       = "2015",
}
@Book{McComb15c,
  author       = "W.~David McComb",
  publisher    = "Bookboon",
  title        = "{Study {N}otes for {S}tatistical {P}hysics:
{A} concise, unified overview of the subject}",
  year         = "2014",
}
@Article{McComb16a,
    author     = "W.~D. McComb",
    journal    = "Phys. Rev. E",
    pages      = "013103",
    title      = "{{Infrared properties of the energy spectrum in freely decaying isotropic turbulence}}",
    volume     = "93",
    year       = "2016",
}
@Book{McComb16b,
  author       = "David McComb",
  publisher    = "Paradox",
  title        = "{What's so special about {S}pecial {R}elativity?}",
  year         = "2016",
}

@Article{McComb17a,
    author     = "W.~D. McComb and S.~R. Yoffe",
    journal    = "J. Phys. A: Math. Theor.",
    pages      = "375501",
    title      = "{A formal derivation of the local energy transfer
(LET) theory of homogeneous turbulence}",
    volume     = "50",
    year       = "2017",
}

@Article{McComb18a,
    author     = "W.~D. McComb and R.~B. Fairhurst",
    journal    = "J. Math. Phys.",
    pages      = "073103",
    title      = "{The dimensionless dissipation rate and the Kolmogorov
(1941) hypothesis of local stationarity in freely decaying isotropic turbulence}",
    volume     = "59",
    year       = "2018",
}

@Article{McComb18b,
    author     = "S. R. Yoffe and W.~D. McComb",
    journal    = "Phys. Rev. Fluids",
    pages      = "104605",
    title      = "{Onset criteria for freely decaying turbulence}",
    volume     = "3",
    year       = "2018",
}

@Article{McComb18c,
    author     = "W.~D. McComb and M. Q. May",
    journal    = "arXiv:1812.09174[physics.flu-dyn]",
    title      = "{The effect of {Kolmogorov} (1962) scaling on the
universality of turbulence energy spectra}",
     year       = "2018",
}

@Article{McComb20,
    author     = "W.~D. McComb",
    journal    = "Theoretical \& Applied Mechanics Letters",
    pages      = "377--381",
    title      = "{A modified {L}in equation for the energy balance in
isotropic turbulence}",
    volume     = "10",
    year       = "2020",
}

@Article{McComb21a,
    author     = "W.~D. McComb and S. R. Yoffe",
    journal    = "arXiv:2012.05614v2[physics.flu-dyn]",
    title      = "{The infinite {R}eynolds number limit and the quasi-dissipative anomaly}",
     year       = "2021",
}

@Article{McComb21b,
    author     = "S. R. Yoffe and W.~D. McComb",
    journal    = "arXiv:2107.09112v1[physics.flu-dyn]",
    title      = "{Does intermittency affect the inertial transfer rate in stationary isotropic turbulence?}",
     year       = "2021",
}

@Article{McComb23a,
    author     = "W.~D. McComb",
    journal    = "Atmosphere",
    pages      = "827",
    title      = "{Jackson R. Herring and the Statistical Closure Problem of Turbulence: A Review of Renormalized Perturbation Theories}",
    volume     = "14",
    year       = "2023",
}

@Article{McComb24a,
    author     = "W.~D. McComb",
    journal    = "arXiv:2403.13962v1[math-ph]",
    title      = "{What is isotropic turbulence and why is it important?}",
     year       = "2024",
}

@Article{McMillan79,
  author       = "O.~J. McMillan and J.~H. Ferziger",
  journal      = "AIAA Journal",
  pages        = "1340",
  title        = "{Direct testing of subgrid-scale models}",
  volume       = "17",
  year         = "1979",
}

@Article{Medina89,
  author       = "Ernesto Medina and Terence Hwa and Nehran Kardar and
                 Yi.-Cheng Zhang",
  journal      = "Physical Review A",
  pages        = "3053--3075",
  title        = "{Burgers equation with correlated noise:
                 {R}enormalization-group analysis and applications to
                 directed polymers and interface growth}",
  volume       = "39",
  year         = "1989",
}

@Article{Meldi11,
  author       = "M. Meldi and P. Sagaut and D. Lucor",
  journal      = "J. Fluid Mech.",
  pages        = "351--362",
  title        = "{A stochastic view of isotropic turbulence}",
  volume       = "668",
  year         = "2011",
}

@Article{Meldi12,
  author       = "M. Meldi and P. Sagaut",
  journal      = "J. Fluid Mech.",
  pages        = "364-393",
  title        = "{On non-self similar regimes in homogeneous 
                  isotropic turbulence decay}",
  volume       = "711",
  year         = "2013",
}

@Article{Meldi17,
  author       = "M. Meldi and P. Sagaut",
  journal      = "J. Fluid Mech.",
  pages        = "697-715",
  title        = "{Turbulence in a box: Quantification of large-scale
resolution effects in isotropic turbulence free decay}",
  volume       = "818",
  year         = "2017",
}



@Article{Meldi18,
  author       = "M. Meldi and P. Sagaut",
  journal      = "J. of Turbulence",
  pages        = "390-413",
  title        = "{Investigation of anomalous very fast decay regimes in
homogeneous isotropic turbulence}",
  volume       = "19",
  year         = "2018",
}

@Article{Meldi21,
  author       = "M. Meldi and J. C. Vassilicos",
  journal      = "Phys. Rev. Fluids",
  pages        = "064602",
  title        = "{Analysis of Lundgren's matched asymptotic expansion approach to the K\'{a}rm\'{a}n-Howarth equation using the eddy damped quasinormal Markovian turbulence closure}",
  volume       = "6",
  year         = "2021",
}

@Article{Meneveau91,
  author       = "C. Meneveau and K.~R. Sreenivasan",
  journal      = "J. Fluid Mech.",
  pages        = "429",
  title        = "{The multifractal nature of turbulent dissipation}",
  volume       = "224",
  year         = "1991",
}

@Article{Meneveau96,
  author       = "C. Meneveau",
  journal      = "Phys. Rev. E",
  pages        = "3657",
  title        = "{Transition between viscous and inertial-range scaling
                 of turbulence structure functions}",
  volume       = "54",
  year         = "1996",
}

@Article{Meneveau99a,
  author       = "C. Meneveau and J. Katz",
  journal      = "Phys. Fluids",
  pages        = "245",
  title        = "{Dynamic testing of subgrid models in large eddy
                 simulation based om the {G}ermano identity}",
  volume       = "11",
  year         = "1999",
}

@Article{Meneveau99b,
  author       = "C. Meneveau and J. Katz",
  journal      = "Phys. Fluids",
  pages        = "2317",
  title        = "{Conditional subgrid force and dissipation in locally
                 isotropic and rapidly strained turbulence}",
  volume       = "11",
  year         = "1999",
}

@Article{Meneveau00,
  author       = "C. Meneveau and J. Katz",
  journal      = "Ann. Rev. Fluid Mech.",
  pages        = "1",
  title        = "{Scale-invariance and turbulence models for large-eddy
                 simulation}",
  volume       = "32",
  year         = "2000",
}

@Article{Metais92,
  author       = "O. Metais and M. Lesieur",
  journal      = "J. Fluid Mech.",
  pages        = "157",
  title        = "{Spectral large-eddy simulations of isotropic and
                 stably stratified turbulence}",
  volume       = "239",
  year         = "1992",
}

@Article{Meyers08,
  author       = "Johan Meyers and Charles Meneveau",
  journal      = "Phys. Fluids",
  pages        = "065109-1--065109-7",
  title        = "{A functional form for the energy spectrum
parameterizing bottleneck and intermittency effects}",
  volume       = "20",
  year         = "2008",
}

@Article{Miyauchi97,
  author       = "T. Miyauchi and M. Tanahashi and T. Kakuwa",
  journal      = "JSME Int. J. B.",
  pages        = "343--350",
  title        = "{Evaluation of energy transfer between grid scale and
                 subgrid scale by use of direct numerical simulation
                 database}",
  volume       = "40",
  issue        = "3",
  year         = "1997",
}

@Article{Moffatt02,
  author       = "H. K. Moffatt",
  journal      = "Annu. Rev. Fluid Mech.",
  pages        = "19--35",
  title        = "{G. {K}. {B}atchelor and the {H}omogenization of {T}urbulence}",
  volume       = "34",
  year         = "2002",
}

@Article{Mohamed90,
  author       = "M.~S. Mohamed and J.~C. LaRue",
  journal      = "J. Fluid Mech.",
  pages        = "195--214",
  title        = "{The decay power law in grid-generated turbulence}",
  volume       = "219",
  year         = "1990"
}

@Article{Moisy99,
  author       = "F. Moisy and P. Tabeling and H. Willaime",
  journal      = "Phys. Rev. Lett.",
  pages        = "3994--3997",
  title        = "{Kolmogorov Equation in a Fully Developed Turbulence
                 Experiment}",
  volume       = "82",
  year         = "1999",
}




@Book{Monin75,
  author       = "A.~S. Monin and A.~M. Yaglom",
  publisher    = "MIT Press",
  title        = "{Statistical Fluid Mechanics}",
  year         = "1975",
}

@Article{Morton70,
  author       = "J.~B. Morton and S. Corrsin",
  journal      = "J. Stat. Phys.",
  number       = "2",
  pages        = "153--194",
  title        = "{Consolidated expansions for estimating the response
                 of a randomly driven nonlinear oscillator}",
  volume       = "2",
  year         = "1970",
}

@Article{Moser06,
  author       = "Robert D. Moser",
  journal      = "Phys. Fluids",
  pages        = "078105-1",
  title        = "{On the validity of the continuum approximation in high Reynolds number turbulence}",
  volume       = "18",
  year         = "2006",
}


@Article{Muschinski96,
  author       = "A. Muschinski",
  journal      = "J. Fluid Mech.",
  pages        = "239",
  title        = "{A similarity theory of locally homogeneous and
                 isotropic turbulence generated by a {S}magorinsky-type
                 {LES}}",
  volume       = "325",
  year         = "1996",
}

@Article{Mydlarski96,
  author       = "L. Mydlarski and Z. Warhaft",
  journal      = "J. Fluid Mech.",
  pages        = "331--368",
  title        = "{On the onset of high-{R}eynolds-number grid-generated
                 wind tunnel turbulence}",
  volume       = "320",
  year         = "1996",
}

%NNN

@Article{Nakano72,
  author       = "T. Nakano",
  journal      = "Ann.Phys(NY)",
  pages        = "326",
  title        = "{A theory of homogeneous, isotropic turbulence of
                 incompressible fluids}",
  volume       = "73",
  year         = "1972",
}

@Article{Nakano86,
  author       = "T. Nakano",
  journal      = "Prog.Theor.Phys.",
  pages        = "1295",
  title        = "{The {S}caling {E}xponents of {I}ntermittent {F}ully
                 {D}eveloped {T}urbulence {B}ased on a {N}ew {M}odel}",
  volume       = "75",
  year         = "1986",
}

@Article{Nakano88,
  author       = "T. Nakano",
  journal      = "Phys. Fluids",
  pages        = "1420",
  title        = "{Direct interaction approximation of turbulence in the
                 wave packet representation}",
  volume       = "31",
  year         = "1988",
}

@Article{Nagano97,
  author       = "Y. Nagano and Y. Itazu",
  journal      = "Phys. Fluid",
  number       = "1",
  pages        = "143--153",
  title        = "{Renormalization group theory for turbulence:
                 {E}ddy-viscosity type model based on an iterative
                 averaging method}",
  volume       = "9",
  year         = "1997",
}

@Article{Nakano03,
  author       = "T. Nakano and W.~D. McComb and B.~J. Geurts",
  journal      = "Phys. Rev. E",
  pages        = "26317",
  title        = "{Spectral intermode coupling in a model of isotropic
                 turbulence}",
  volume       = "67",
  year         = "2003",
}

@Article{Nelkin74,
  author       = "M. Nelkin",
  journal      = "Phys. Rev. A",
  number       = "1",
  pages        = "388--395",
  title        = "{Turbulence, critical fluctuations, and
                 intermittency}",
  volume       = "9",
  year         = "1974",
}

@Article{Neuman10,
  author       = "S.~P. Neuman",
  journal      = "Hydrol. Process",
  pages        = "2056",
  title        = "{Apparent/spurious multifractality of data sampled
                 from fractional {B}rownian/{L}{\'e}vy motions}",
  volume       = "24",
  year         = "2010",
}


@Article{Newman79,
  author       = "G. R. Newman and J. R. Herring",
  journal      = "J. Fluid Mech.",
  pages        = "163",
  title        = "{A test field model study of a passive scalar in isotropic turbulence}",
  volume       = "94",
  year         = "1979",
}


@Article{Novikov65,
  author       = "E.~A. Novikov",
  journal      = "Soviet Physics JETP",
  pages        = "1290--1294",
  title        = "{Functionals and the random-force method in turbulence theory}",
  volume       = "20",
  year         = "1965",
}


@Article{Novikov93,
  author       = "E.~A. Novikov",
  journal      = "Phys. Rev. Lett.",
  pages        = "2718",
  title        = "{Statistical balance of vorticity and a new scale for
                 vortical structures in turbulence}",
  volume       = "71",
  year         = "1993",
}

@Article{Nyquist28,
  author       = "H. Nyquist",
  journal      = "Physical Review",
  pages        = "110--113",
  title        = "{Thermal {A}gitation of {E}lectric {C}harge in
                 {C}onductors}",
  volume       = "32",
  year         = "1928",
}

%OOO
@Article{Okamoto07,
  author       = "N. Okamoto and K. Yoshimatsu and K. Schneider and M. Farge and Y.Kaneda",
  journal      = "Phys. Fluids",
  pages        = "115109",
  title        = "{Coherent vortices in high resolution direct numerical simulation of homogeneous isotropic turbulence}",
  volume       = "19",
  year         = "2007",
}
@Article{Okamura18,
  author       = "Makoto Okamura",
  journal      = "J. Fluid Mech.",
  pages        = "133",
  title        = "{Closure model for homogeneous isotropic turbulence in
the {L}agrangian specification of the flow field}",
  volume       = "841",
  year         = "2018",
}


@Article{Okane04,
  author       = "Terence~J. O'Kane and Jorgen~S. Frederiksen",
  journal      = "J. Fluid Mech.",
  pages        = "133",
  title        = "{The {QDIA} and regularized {QDIA} closures for
                 inhomogeneous turbulence over topography}",
  volume       = "504",
  year         = "2004",
}

@Article{Oberlack01,
  author       = "M. Oberlack and W.~D. McComb and A.~P. Quinn",
  journal      = "Phys. Rev. E",
  pages        = "26301--26308",
  title        = "{Solution of functional equations and reduction of
                 dimension in the local energy transfer theory of
                 incompressible, three-dimensional turbulence}",
  volume       = "63",
  year         = "2001",
}

@InCollection{Oberlack02,
  author       = "Martin Oberlack",
  booktitle    = "Theories of {T}urbulence",
  editor       = "Martin Oberlack and Friedrich H. Busse",
  pages        = "301--366",
  publisher    = "Springer Wien New York",
  title        = "{Symmetries and {I}nvariant {S}olutions of {T}urbulent
                 {F}lows and their {I}mplications for {T}urbulence
                 {M}odelling}",
  volume       = "442",
  year         = "2002",
}
@Article{O'Brien62,
  author       = "E. E. O'Brien and G. C. Francis",
  journal      = "J. Fluid Mech.",
  pages        = "369",
  title        = "{A consequence of the zero fourth cumulant approximation}",
  volume       = "13",
  issue        = "",
  year         = "1962",
}
@Article{Oberlack02a,
  author       = "M. Oberlack",
  journal      = "Proc. Appl. Math. Mech.",
  pages        = "294--297",
  title        = "{On the decay exponent of isotropic turbulence}",
  volume       = "1",
  issue        = "1",
  year         = "2002",
}
@Article{Obukhov41,
  author       = "A.~M. Obukhov",
  journal      = "C.R. Acad. Sci. U.R.S.S",
  pages        = "19",
  title        = "{On the energy distribution in the spectrum of
                 turbulent flow}",
  volume       = "32",
  year         = "1941",
}

@Article{Ogura63,
  author       = "Y. Ogura",
  journal      = "J. Fluid Mech.",
  pages        = "33",
  title        = "{A consequence of the zero-fourth-cumulant
                 approximation in the decay of isotropic turbulence}",
  volume       = "16",
  year         = "1963",
}

@Article{Ohkitani92,
  author       = "K. Ohkitani and S. Kida",
  journal      = "Phys. Fluids A",
  pages        = "794",
  title        = "{Triad interactions in forced turbulence}",
  volume       = "4",
  year         = "1992",
}

@Article{Onsager45,
  author       = "L. Onsager",
  journal      = "Phys. Rev.",
  pages        = "286",
  title        = "{The {D}istribution of {E}nergy in {T}urbulence}",
  volume       = "68",
  year         = "1945",
}


@Article{Onsager49,
  author       = "L. Onsager",
  journal      = "Nuovo Cim. Suppl.",
  pages        = "279",
  title        = "{Statistical {H}ydrodynamics}",
  volume       = "6",
  year         = "1949",
}



@Article{Orszag70,
  author       = "S.~A. Orszag",
  journal      = "J. Fluid Mech.",
  pages        = "363",
  title        = "{Analytical theories of turbulence}",
  volume       = "41",
  year         = "1970",
}

@Article{Orszag71,
  author       = "S.~A. Orszag",
  journal      = "J. Atmos. Sc.",
  pages        = "1074",
  title        = "{On the Elimination of Aliasing in Finite-Difference
               Schemes by Filtering High-Wavenumber Components}",
  volume       = "28",
  year         = "1971",
}

@Article{Orszag72,
  author       = "S.~A. Orszag and G.~S. Patterson",
  journal      = "Phys.Rev.Lett",
  pages        = "76",
  title        = "{Numerical simulation of three-dimensional homogeneous
                 isotropic turbulence}",
  volume       = "28",
  year         = "1972",
}

@Article{Ortiz84,
  author       = "M.~J. Ortiz and A.~Ruez~De Elvira",
  journal      = "J.Phys.A",
  pages        = "555",
  title        = "{Velocity correlations for turbulent shear flow}",
  volume       = "17",
  year         = "1984",
}

%PPP

@Article{Pao65,
  author       = "Y.-H Pao",
  journal      = "Phys. Fluids",
  pages        = "1063",
  title        = "{Structure of turbulent velocity and scalar fields at
                 large wavenumbers}",
  volume       = "8",
  year         = "1965",
}

@Book{Papoulis91,
  address      = "New York",
  author       = "A. Papoulis",
  publisher    = "McGraw--Hill",
  title        = "{Probability, {R}andom {V}ariables and {S}tochastic
                 {P}rocesses}",
  year         = "1991",
}

@Article{Pearson02,
  author       = "B.~R. Pearson and P.~A. Krogstad and W. {van~de~Water}",
  journal      = "Phys. Fluids",
  pages        = "1288",
  title        = "{Measurements of the turbulent energy dissipation
                 rate}",
  volume       = "14",
  year         = "2002",
}

@Article{Pearson04a,
  author       = "B.~R. Pearson and T.~A. Yousef and N.~E.~L.~Haugen~A.
                 Brandenburg and P.~A. Krogstad",
  journal      = "Phys. Rev. E",
  pages        = "56301",
  title        = "{Delayed correlation between turbulent energy
                 injection and dissipation}",
  volume       = "70",
  year         = "2004",
}

@Article{Pearson04b,
  author       = "B.~R. Pearson and T.~A. Yousef and N.~E.~L.~Haugen~A.
                 Brandenburg and P.~A. Krogstad",
  journal      = "arXiv:physics/0404114v1[[physics.flu-dyn]",
  title        = "{The `zeroth law' of turbulence: {I}sotropic
                 turbulence simulations revisited}",
  year         = "2004",
}

@Book{Penrose05,
  author       = "Roger Penrose",
  publisher    = "Vintage Books, London",
  title        = "{The {R}oad to {R}eality}",
  year         = "2005",
}



@InCollection{Pesme82,
  author       = "D. Pesme and D. DuBois",
  booktitle    = "Nonlinear {P}roblems: {P}resent and {F}uture",
  editor       = "A.~R. Bishop and D.~K. Campbell and B. Nicolaenko",
  pages        = "435--464",
  publisher    = "North-Holland Publishing Company",
  title        = "{Turbulence and self-consistent fields in plasmas}",
  year         = "1982",
}

@Article{Phythian69,
  author       = "R. Phythian",
  journal      = "J.Phys.A",
  pages        = "181",
  title        = "{Self-consistent perturbation series for stationary
                 homogeneous turbulence}",
  volume       = "2",
  year         = "1969",
}

@Article{Phythian75,
  author       = "R. Phythian",
  journal      = "J.Phys.A",
  pages        = "1423",
  title        = "{The operator formalism of classical statistical
                 dynamics}",
  volume       = "8",
  year         = "1975",
}

@Article{Phythian76,
  author       = "R. Phythian",
  journal      = "J.Phys.A",
  pages        = "269",
  title        = "{Further application of the {M}artin, {S}iggia, {R}ose
                 formalism}",
  volume       = "9",
  year         = "1976",
}

@Article{Phythian77,
  author       = "R. Phythian",
  journal      = "J.Phys.A",
  pages        = "777",
  title        = "{The functional formalism of classical statistical
                 dynamics}",
  volume       = "10",
  year         = "1977",
}

@Article{Piomelli88,
  author       = "U. Piomelli and P. Moin and J.~H. Ferziger",
  journal      = "Phys. Fluids",
  pages        = "1884",
  title        = "{Model consistency in large eddy simuation of
                 turbulent channel flow}",
  volume       = "31",
  year         = "1988",
}

@Article{Piomelli91,
  author       = "U. Piomelli and W.~H. Cabot and P. Moin and S. Lee",
  journal      = "Phys. Fluids A",
  pages        = "1766",
  title        = "{Subgrid-scale backscatter in turbulent and
                 transitional flows}",
  volume       = "3",
  year         = "1991",
}

@Article{Pouquet76,
  author       = "A. Pouquet and U. Frisch and J. L{\'e}orat",
  journal      = "J. Fluid Mech.",
  pages        = "321--354",
  title        = "{Strong {M}{H}{D} helical turbulence and the nonlinear
                 dynamo effect}",
  volume       = "77",
  year         = "1976",
}

@Article{Prakash94,
  author       = "J.~R. Prakash and J.~P. Bouchaud and S.~F. Edwards",
  journal      = "Proc. Roy. Soc. Lond. A",
  pages        = "67--85",
  title        = "{Long-time, large-scale properties of the noisy
                 driven-diffusion equation}",
  volume       = "446",
  year         = "1994",
}

@Article{Proudman54,
  author       = "I. Proudman and W. H. Reid",
  journal      = "Phil. Trans. Roy. Soc. Lond.",
  pages        = "163",
  title        = "{On the {D}ecay of a {N}ormally {D}istributed and
{H}omogeneous {T}urbulent {V}elocity {F}ield}",
  volume       = "A247",
  year         = "1954",
}

@Book{Proudman62,
  author       = "I. Proudman",
  booktitle    = "Mecanique de la turbulence, {C}olloq.In du {CNRS} a
                 {M}arseille",
  publisher    = "CNRS, Paris",
  title        = "{On {K}raichnan's {T}heory {O}f {T}urbulence}",
  year         = "1962",
}


%QQQ

@Article{Qian83,
  author       = "J. Qian",
  journal      = "Phys. Fluids",
  pages        = "2098",
  title        = "{Variational approach to the closure problem of
                 turbulence theory}",
  volume       = "26",
  year         = "1983",
}

@Article{Qian84,
  author       = "J. Qian",
  journal      = "Phys. Fluids",
  number       = "9",
  pages        = "2229--2233",
  title        = "{Universal equilibrium range of turbulence}",
  volume       = "27",
  year         = "1984",
}

@Article{Qian86,
  author       = "J. Qian",
  journal      = "Phys. Fluids",
  number       = "7",
  pages        = "2165--2171",
  title        = "{A closure theory of intermittency}",
  volume       = "29",
  year         = "1986",
}

@Article{Qian97,
  author       = "J. Qian",
  journal      = "Physical Review E",
  pages        = "337--342",
  title        = "{Inertial range and the finite Reynolds number effect
                 of turbulence}",
  volume       = "55",
  year         = "1997",
}

@Article{Qian98a,
  author       = "J. Qian",
  journal      = "J. Phys. A: Math. Gen.",
  pages        = "3193--3204",
  title        = "{Scaling exponents ofthe second-order structure
                 function of turbulence}",
  volume       = "31",
  year         = "1998",
}

@Article{Qian98b,
  author       = "J. Qian",
  journal      = "Physical Review E",
  number       = "6",
  pages        = "7325--7329",
  title        = "{Normal and anomalous scaling of turbulence}",
  volume       = "58",
  year         = "1998",
}

@Article{Qian99,
  author       = "J. Qian",
  journal      = "Physical Review E",
  number       = "3",
  pages        = "3409--3412",
  title        = "{Slow decay of the finite {R}eynolds number effect of
                 turbulence}",
  volume       = "60",
  year         = "1999",
}

@Article{Qian00,
  author       = "J. Qian",
  journal      = "Physical Review Letters",
  number       = "4",
  pages        = "646--649",
  title        = "{Closure {A}pproach to {H}igh-{O}rder {S}tructure
                 {F}unctions of {T}urbulence}",
  volume       = "84",
  year         = "2000",
}

@Article{Qian02,
  author       = "J. Qian",
  journal      = "Phys. Rev. E",
  pages        = "036301",
  title        = "{Scaling of structure functions in homogeneous shear-flow
                  turbulence}",
  volume       = "65",
  year         = "2002",
}

@PhdThesis{Quinn00,
  author       = "A.~P. Quinn",
  school       = "University of Edinburgh",
  title        = "{Local Energy Transfer theory in forced and decaying
                 isotropic turbulence}",
  year         = "2000",
}

%RRR

@Article{Reeks88,
  author       = "M.~W. Reeks",
  journal      = "Phys. Fluids",
  pages        = "1314--1316",
  title        = "{The relationship between {B}rownian motion and the
                 random motion of small particles in a turbulent flow}",
  volume       = "31",
  year         = "1988",
}

@Book{Reichl98,
  author       = "L.~E. Reichl",
  edition      = "2nd",
  publisher    = "Edward Arnold, London",
  title        = "{A modern course in statistical physics}",
  year         = "1998",
}

@Article{Reick02,
  author       = "Christian~H. Reick",
  journal      = "Physical Review E",
  pages        = "1--11",
  title        = "{Linear response of the {L}orenz system}",
  volume       = "66",
  year         = "2002",
}

@Book{Richardson22,
  author       = "L.~F. Richardson",
  publisher    = "Cambridge University Press",
  title        = "{Weather {P}rediction by {N}umerical {P}rocess}",
  year         = "1963",
}

@TechReport{Ristorcelli98,
  author       = "J.~R. Ristorcelli",
  institution  = "NASA",
  month        = jan,
  number       = "98-1",
  title        = "{Some results relevant to statistical closures for
                 compressible turbulence}",
  year         = "1998",
}


@PhdThesis{Roberts91,
  author       = "W. Roberts",
  school       = "University of Edinburgh",
  title        = "{Techniques for {M}odelling {I}ncompressible {F}luid {F}low}",
  year         = "1991",
}


@Article{Robertson40,
  author       = "H.~P. Robertson",
  journal      = "Proc. Camb. Phil. Soc.",
  pages        = "209",
  title        = "{The theory of axisymmetric turbulence}",
  volume       = "36",
  year         = "1940",
}

@Article{Rogallo81,
  author       = "R.~S. Rogallo",
  journal      = "NASA",
  title        = "{Numerical experiments in homogeneous turbulence}",
  volume       = "TM-81315",
  year         = "1981",
}

@Article{Rose77,
  author       = "H.~A. Rose",
  journal      = "J. Fluid Mech.",
  number       = "4",
  pages        = "719--734",
  title        = "{Eddy diffusivity, eddy noise and subgrid-scale
                 modelling}",
  volume       = "81",
  year         = "1977",
}

@Article{Rosen80,
  author       = "Gerald Rosen",
  journal      = "Physical Review A",
  pages        = "2180--2182",
  title        = "{Broadness, decay, and correlation functions of
                 isotropic homogeneous turbulence}",
  volume       = "22",
  year         = "1980",
}

@Article{Rosen82,
  author       = "Gerald Rosen",
  journal      = "Physical Review A",
  pages        = "2405--2406",
  title        = "{Nonlinear fluctuation-dissipation relation in
                 isotropic homogeneous fluid turbulence}",
  volume       = "25",
  year         = "1982",
}

@TechReport{Rubinstein97,
  author       = "R. Rubinstein and Y. Zhou",
  institution  = "NASA",
  month        = nov,
  number       = "97-63",
  title        = "{The dissipation rate transport equation and
                 subgrid-scale models in rotating turbulence}",
  year         = "1997",
}

@Article{Ruelle90,
  author       = "D. Ruelle",
  title        = "{Is there screening in turbulence?}",
  journal      = "J. Stat. Phys.",
  pages        = "865--868",
  volume       = "61",
  year         = "1990"
}

%SSS

@Article{Saddoughi94,
  author       = "S.~G. Saddoughi and S.~V. Veeravalli",
  journal      = "Journal of Fluid Mechanics",
  pages        = "333",
  title        = "{Local isotropy in turbulent boundary layers at high
                 {R}eynolds number}",
  volume       = "268",
  year         = "1994",
}

@Article{Saffman67a,
  author       = "P.~G. Saffman",
  journal      = "J. Fluid Mech",
  pages        = "581",
  title        = "{The large-scale structure of homogeneous
                 turbulence}",
  volume       = "27",
  year         = "1967",
}

@Article{Saffman67b,
  author       = "P.~G. Saffman",
  journal      = "Phys. Fluids",
  pages        = "1349",
  title        = "{Note on decay of homogeneous turbulence}",
  volume       = "10",
  year         = "1967",
}

@InProceedings{Saffman68,
  author       = "P.~G. Saffman",
  booktitle    = "Topics in nonlinear physics",
  editor       = "N. Zabusky",
  pages        = "485--614",
  publisher    = "Springer-Verlag",
  title        = "{Lectures on homogeneous turbulence}",
  year         = "1968",
}

@InProceedings{Saffman77,
  author       = "P.~G. Saffman",
  booktitle    = "Structure and Mechanisms of Turbulence II",
  editor       = "H. Fiedler",
  pages        = "273--306",
  publisher    = "Springer-Verlag",
  series       = "Lecture Notes in Physics",
  title        = "{Problems and progress in the theory of turbulence}",
  volume       = "76",
  year         = "1977",
}

@Book{Sagaut08,
  author       = "P. Sagaut and C. Cambon",
  publisher    = "Cambridge University Press, Cambridge",
  title        = "{Homogeneous {T}urbulence {D}ynamics}",
  year         = "2008",
}
%%%%%%%%%%%%

@Article{Sain98,
  author       = "A. Sain and Manu and R. Pandit",
  journal      = "Phys. Rev. Lett.",
  pages        = "4377",
  title        = "{{T}urbulence} and multiscaling in the randomly forced
{N}avier-{S}tokes {E}quation",
  volume       = "81",
  year         = "1998",
}

%%%%%%%%%%%
@Article{Saveliev05,
  author       = "V.~L. Saveliev and M.~A. Gorokhovski",
  journal      = "Phys. Rev. E",
  pages        = "1--6",
  title        = "{Group-theoretical model of developed turbulence and
                 renormalization of the {N}avier-{S}tokes equation}",
  volume       = "72",
  year         = "2005",
}

@Article{Saw18,
  author       = "E.-W. Saw and P. Debue and D. Kuzzay and F. Daviaud
and B. Dubrulle",
  journal      = "J. Fluid Mech.",
  pages        = "657--669",
  title        = "{On the universality of anomalous scaling exponents of
structure functions in turbulent flows}",
  volume       = "837",
  year         = "2018",
}


@Article{Schaefer11,
  author       = "P. Sch{\"a}fer",
  journal      = "arXiv:1108.0575 [physics.flu-dyn]",
  title        = "{On the dissipation rate coefficient in homogeneous isotropic decaying and forced turbulence}",
  year         = "2011"
}

@Article{Schilling02,
  author       = "O. Schilling and Y. Zhou",
  journal      = "Phys. Fluids",
  pages        = "1244--1258",
  title        = "{Analysis of spectral eddy viscosity and backscatter
                 in incompressible isotropic turbulence using
                 statistical closure theory}",
  volume       = "14",
  year         = "2002",
}

@Article{Schmitz88,
  author       = "R. Schmitz",
  journal      = "Physics Reports",
  pages        = "1--58",
  title        = "{Fluctuations in nonequilibrium fluids}",
  volume       = "171",
  year         = "1988",
}

@Article{Schumacher07,
  author       = "J. Schumacher and K.~R. Sreenivasan",
  journal      = "New Journal of Physics",
  pages        = "1",
  title        = "{Asymptotic exponents from low-Reynolds-number
                 flows}",
  volume       = "9",
  year         = "2007",
}

@Article{Schumakov07,
  author       = "S.~G. Chumakov",
  journal      = "Phys. Fluids",
  pages        = "058104",
  title        = "{Scaling properties of subgrid-scale energy dissipation}",
  volume       = "19",
  year         = "2007",
}

@Article{Schumakov08,
  author       = "S.~G. Chumakov",
  journal      = "Phys. Rev. E",
  pages        = "15563",
  title        = "{A priori study of subgrid-scale flux of a passive
                  scalar in turbulence}",
  volume       = "78",
  year         = "2008",
}

@Article{Schumann75,
  author       = "U. Schumann",
  journal      = "J. Comp. Phys.",
  pages        = "376",
  title        = "{Subgrid scale model for finite difference simulations
                 of turbulent flows in plane channels and annuli}",
  volume       = "18",
  year         = "1975",
}

@InCollection{Schumann87,
  author       = "U. Schumann and R. Friedrich",
  booktitle    = "Advances in {T}urbulence",
  editor       = "G. Comte-Bellot and J. Mathieu",
  pages        = "88--1043",
  publisher    = "Springer-Verlag",
  title        = "{On {D}irect and {L}arge {E}ddy {S}imulation of
                 {T}urbulence}",
  year         = "1987",
}

@Article{Schumann95,
  author       = "U. Schumann",
  journal      = "Proc. R. Soc. Lond. A",
  pages        = "293",
  title        = "{Stochastic backscatter of turbulence energy and
                 scalar variance by random subgrid-scale fluxes}",
  volume       = "451",
  year         = "1995",
}

@Article{Schwartz92,
  author       = "M. Schwartz and S.~F. Edwards",
  journal      = "Europhys. Lett.",
  number       = "4",
  pages        = "301--305",
  title        = "{Nonlinear deposition - a new approach}",
  volume       = "20",
  year         = "1992",
}

@Article{Scotti99,
  author       = "A. Scotti and C. Meneveau",
  journal      = "Physica D",
  pages        = "198",
  title        = "{A fractal model for large-eddy simulation of
                 turbulent flow}",
  volume       = "127",
  year         = "1999",
}

@Article{Seoud07,
  author       = "R.~E. Seoud and J.~C. Vassilicos",
  journal      = "Phys. Fluids",
  pages        = "105108",
  title        = "{Dissipation and decay of fractal-generated
                 turbulence}",
  volume       = "19",
  year         = "2007",
}

@Article{Shanmugasundaram92,
  author       = "V. Shanmugasundaram",
  journal      = "Fluid. Dyn. Res",
  pages        = "499",
  title        = "{Modal interactions and energy transfers in isotropic
                 turbulence as predicted by local energy transfer
                 theory}",
  volume       = "10",
  year         = "1992",
}

@Book{Shannon49,
  author       = "C.~E. Shannon and W. Weaver",
  publisher    = "University of Illinois Press, Urbana Il.",
  title        = "{The mathematical theory of communication}",
  year         = "1949",
}

@Article{Shao99,
  author       = "L. Shao and S. Sarkar and C. Pantano",
  journal      = "Phys. Fluids",
  pages        = "1229",
  title        = "{On the relationship between the mean flow and subgrid
                 stresses in large eddy simulation of turbulent shear
                 flow}",
  volume       = "11",
  year         = "1999",
}

@Article{She93a,
  author       = "Z.-S. She and S. Chen and G. Doolen and R.~H.
                 Kraichnan and S.~A. Orszag",
  journal      = "Phys. Rev. Lett.",
  pages        = "3251",
  title        = "{Reynolds number dependence of isotropic
                 {N}avier-{S}tokes turbulence}",
  volume       = "70",
  year         = "1993",
}

@Article{She93b,
  author       = "Z.-S. She and E. Jackson",
  journal      = "Phys. Rev. Lett.",
  pages        = "1255",
  title        = "{{C}onstrained {E}uler {S}ystem for {N}avier-{S}tokes
                 {T}urbulence}",
  volume       = "70",
  year         = "1993",
}

@Article{She93c,
  author       = "Z.-S. She and E. Jackson",
  journal      = "Phys. Fluids A",
  pages        = "1526--1528",
  title        = "{On the universal form of energy spectra in fully developed turbulence}",
  volume       = "5",
  year         = "1993"
}

@Article{She94,
  author       = "Z.~S. She and E. L{\'e}v{\^e}que",
  journal      = "Phys. Rev. Lett.",
  number       = "3",
  pages        = "336--339",
  title        = "{Universal scaling laws in fully developed
                 turbulence}",
  volume       = "72",
  year         = "1994",
}

@Article{Shi21,
  author       = "John Z. Shi",
  journal      = "Phys. Fluids",
  pages        = "041301",
  title        = "{Qian Jian (1939--2018) and his contribution to small-scale turbulence studies}",
  volume       = "33",
  year         = "2021"
}


@Article{Shore80,
  author       = "J.~E. Shore and R.~W. Johnson",
  journal      = "IEEE Trans. Inform Theory",
  pages        = "26",
  title        = "{Axiomatic {D}erivation of the {P}rinciple of
                 {M}aximum {E}ntropy and the {P}rinciple of {M}inimum
                 {C}ross-{E}ntropy}",
  volume       = "26",
  year         = "1980",
}

@Article{Siggia77,
  author       = "Eric~D. Siggia",
  journal      = "Physical Review A",
  pages        = "1730--1750",
  title        = "{Origin of intermittency in fully developed
                 turbulence}",
  volume       = "15",
  year         = "1977",
}

@Article{Sirovich94,
  author       = "L. Sirovich and L. Smith and V. Yakhot",
  journal      = "Phys. Rev. Lett.",
  pages        = "344",
  title        = "{Energy spectrum of homogeneous and isotropic
                 turbulence in far dissipation range}",
  volume       = "72",
  year         = "1994",
}

@Article{Skrbek00,
  author       = "L. Skrbek and S.~R. Stalp",
  journal      = "Phys. Fluids",
  pages        = "1997",
  title        = "{On the decay of homogeneous isotropic turbulence}",
  volume       = "12",
  year         = "2000",
}

@Article{Smagorinsky63,
  author       = "J. Smagorinsky",
  journal      = "Mon. weath. Rev.",
  pages        = "99",
  title        = "{General circulation experiments with the primitive
                 equations}",
  volume       = "91",
  year         = "1963",
}


@Article{Smith92,
  author       = "L.~M. Smith and W.~C. Reynolds",
  journal      = "Phys. Fluids A",
  pages        = "364",
  title        = "{On the {Y}akhot-{O}rszag renormalization group method
for deriving turbulence statistics and models}",
  volume       = "4",
  year         = "1992",
}


@Article{Smith93,
  author       = "M.~R. Smith and R.~J. Donnelly and N. Goldenfeld and W.~F. Vinen",
  title        = "{Decay of Vorticity in Homogeneous Turbulence}",
  journal      = "Phys. Rev. Lett.",
  pages        = "2583",
  volume       = "71",
  year         = "1993"
}

@Article{Smith98,
  author       = "L.~M. Smith and S.~L Woodruff",
  journal      = "Annu. Rev. Fluid Mech.",
  pages        = "275--310",
  title        = "{Renormalization-{G}roup analysis of turbulence}",
  volume       = "30",
  year         = "1998",
}

@Article{Speziale85,
  author       = "C.~G. Speziale",
  journal      = "Journal of Fluid Mechanics",
  pages        = "55--62",
  title        = "{Galilean invariance of subgrid-scale stress models in
                 the large-eddy simulation of turbulence}",
  volume       = "156",
  year         = "1985",
}

@Article{Speziale87,
  author       = "C.~G. Speziale",
  journal      = "Acta Mechanica",
  pages        = "243--250",
  title        = "{On the {D}ecomposition of {T}urbulent {F}low {F}ields
                 for the {A}nalysis of {C}oherent {S}tructures}",
  volume       = "70",
  year         = "1987",
}

@Article{Speziale92,
  author       = "C.~G. Speziale and P.~S. Bernard",
  journal      = "J. Fluid Mech.",
  pages        = "645",
  title        = "{The energy decay in self-preserving isotropic
                 turbulence revisited}",
  volume       = "241",
  year         = "1992",
}

@Article{Sreenivasan84,
  author       = "K.~R. Sreenivasan",
  journal      = "Phys. Fluids",
  pages        = "1048",
  title        = "{On the scaling of the turbulence dissipation rate}",
  volume       = "27",
  year         = "1984",
}

@Article{Sreenivasan95,
  author       = "K.~R. Sreenivasan",
  journal      = "Phys. Fluids",
  pages        = "2778",
  title        = "{On the universality of the {K}olmogorov constant}",
  volume       = "7",
  year         = "1995",
}

@Article{Sreenivasan97,
  author       = "K.~R. Sreenivasan and R.~A. Antonia",
  journal      = "Annu. Rev. Fluid Mech.",
  pages        = "435--472",
  title        = "{The phenomenology of small-scale turbulence}",
  volume       = "29",
  year         = "1997",
}

@Article{Sreenivasan98,
  author       = "K.~R. Sreenivasan",
  journal      = "Phys. Fluids",
  pages        = "528",
  title        = "{An update on the energy dissipation rate in isotropic
                 turbulence}",
  volume       = "10",
  year         = "1998",
}

@Article{Sreenivasan98b,
  author       = "K.~R. Sreenivasan and B. Dhruva",
  journal      = "Prog. Theor. Phys.",
  pages        = "103",
  title        = "{Is there scaling in high-Reynolds-number turbulence?}",
  volume       = "Suppl. 130",
  year         = "1998",
}

@Article{Sreenivasan99,
  author       = "K.~R. Sreenivasan",
  journal      = "Rev. Mod. Phys.",
  pages        = "S383",
  title        = "{Fluid Turbulence}",
  volume       = "71",
  year         = "1999",
}

@Article{Stewart51,
  author       = "R.~W. Stewart and A.~A. Townsend",
  journal      = "Phil. Trans. R. Soc. Lond. A",
  pages        = "359",
  title        = "{Similarity and self-preservation in isotropic
                 turbulence}",
  volume       = "243",
  year         = "1951",
}

@Article{Stolovitzky93,
  author       = "G. Stolovitzky and K.~R. Sreenivasan and A. Juneja",
  journal      = "Phys. Rev. E",
  pages        = "R3217",
  title        = "{Scaling functions and scaling exponents in
                 turbulence}",
  volume       = "48",
  year         = "1993",
}

@Article{Stolovitzky95,
  author       = "G. Stolovitzky and K.~R. Sreenivasan",
  journal      = "Phys. Rev. E",
  pages        = "3242",
  title        = "{Intermittency, the second-order structure function,
                 and the turbulent energy-dissipation rate}",
  volume       = "52",
  year         = "1995",
}

@Article{Stolz99,
  author       = "S. Stolz and N.~A. Adams",
  journal      = "Phys. Fluids",
  pages        = "1699",
  title        = "{An approximate deconvolution procedure for large-eddy
                 simulation}",
  volume       = "11",
  year         = "1999",
}

@PhdThesis{Storkey97,
  author       = "D. Storkey",
  school       = "University of Edinburgh",
  title        = "{A {S}tudy of {R}enormalization-{G}roup {F}ormulations
                 for {T}urbulence}",
  year         = "1997",
}

@Article{Stresing10,
  author       = "R. Stresing and J. Peinke and R.~E. Seoud and J.~C. Vassilicos",
  journal      = "Phys. Rev. Lett.",
  pages        = "194501",
  title        = "{Defining a new class of turbulent flows}",
  volume       = "104",
  year         = "2010"
}


@Article{Stueckelberg53,
  author       = "E. C. G. Stueckelberg and A. Petermann",
  journal      = "Helv. Phys. Acta.",
  pages        = "499",
  title        = "{La normalisation des constantes dans le th\'{e}orie des quanta}",
  volume       = "26",
  year         = "1953"
}


@Article{Sukoriansky03,
  author       = "S. Sukoriansky and B. Galperin and I. Staroselsky",
  journal      = "Fluid Dynamics Research",
  pages        = "319--331",
  title        = "{Cross-term and $\epsilon$-expansion in {RGE} theory
                 of turbulence}",
  volume       = "33",
  year         = "2003",
}

@InProceedings{Sulem79,
  author       = "P.~L. Sulem and J.~D. Fournier and A. Pouquet",
  booktitle    = "Dynamical Critical Phenomena and Related Topics",
  editor       = "C.~P. Enz",
  pages        = "320--335",
  publisher    = "Springer-Verlag",
  series       = "Lecture Notes in Physics",
  title        = "{Fully {D}eveloped {T}urbulence and {R}enormalization
                 {G}roup}",
  volume       = "104",
  year         = "1979",
}


@Article{Symanzik70,
  author       = "K. Symanzik",
  journal      = "Commun. math. Phys.",
  pages        = "227--246",
  title        = "{Small distance behaviour in field theory and power counting}",
  volume       = "18",
  year         = "1970",
}

%TTT

@Article{Tabeling96,
  author       = "P. Tabeling and G. Zocchi and F. Belin and J. Maurer
                 and H. Williame",
  journal      = "Physical Review E",
  pages        = "1613--1621",
  title        = "{Probability density functions, skewness and flatness
                 in large Reynolds number turbulence}",
  volume       = "53",
  year         = "1996",
}

@Article{Tang19,
  author       = "Shunlin Tang and Robert A. Antonia and  Lyazid Djenidi and Yu Zhou",
  journal      = "Physical Review Fluids",
  pages        = "024607",
  title        = "{Can small-scale turbulence approach a quasi-universal state?}",
  volume       = "4",
  year         = "2019",
}


@Article{Tatsumi57,
  author       = "T. Tatsumi",
  journal      = "Proc. Roy. Soc. London Ser. A",
  pages        = "16",
  title        = "{The theory of decay process of incompressible
                 isotropic turbulence}",
  volume       = "239",
  year         = "1957",
}

@Article{Taylor35,
  author       = "G.~I. Taylor",
  journal      = "Proc. R. Soc., London, Ser. A",
  pages        = "421",
  title        = "{Statistical theory of turbulence}",
  volume       = "151",
  year         = "1935",
}

@Article{Taylor37,
    author     = "G.~I. Taylor and A. Green",
    journal    = "Proc. Roy. Soc. London A",
    pages      = "499--521",
    title      = "{Mechanism of the Production of Small Eddies from Large
                  Ones}",
    volume     = "158",
    number     = "895",
    year       = "1937"
}

@Article{Taylor03,
    author     = "M. Taylor and S. Kurien and G.~L. Eyink",
    journal    = "Phys. Rev. E",
    pages      = "026310",
    title      = "{Recovering isotropic statistics in turbulence simulations:
                  The Kolmogorov 4/5th law}",
    volume     = "68",
    year       = "2003"
}

@Article{Tchoufag12,
  author       = "J. Tchoufag and P. Sagaut and C. Cambon",
  journal      = "Phys. Fluids",
  pages        = "015107",
  title        = "{Spectral approach to finite {R}eynolds number effects
                 on {K}olmogorov's 4/5 law in isotropic turbulence}",
  volume       = "24",
  year         = "2012",
}

@Book{Tennekes72,
  author       = "H. Tennekes and J.~L. Lumley",
  publisher    = "MIT Press, Cambridge, Mass.",
  title        = "{A first course in turbulence}",
  year         = "1972",
}
@Article{Tennekes75,
  author       = "H. Tennekes",
  journal      = "J. Fluid Mech.",
  pages        = "561",
  title        = "{Eulerian and {L}agrangian time microscales in isotropic turbulence}",
  volume       = "87",
  year         = "1975",
}


@Article{Teodorovich89,
  author       = "E.~V. Teodorovich",
  journal      = "Prikl. Matem. Mekhan.",
  pages        = "340--344",
  title        = "{A {H}ydrodynamic {G}eneralization of {W}ard's
                 {I}dentity}",
  volume       = "53",
  year         = "1989",
}

@Article{Teodorovich92,
  author       = "E.~V. Teodorovich",
  journal      = "Soviet Physics JETP",
  number       = "3",
  pages        = "472--478",
  title        = "{Use of the renormalization-group method to describe
                 intermittency and to derive the corrections to the
                 exponents in the {K}olmogorov turbulence theory}",
  volume       = "73",
  year         = "1992",
}

@Article{Teodorovich93,
  author       = "E.~V. Teodorovich",
  journal      = "Izvestiya, Atmospheric and Oceanic Physics",
  number       = "2",
  pages        = "135--148",
  title        = "{Renormalization {D}escription of {T}urbulence
                 ({R}eview)}",
  volume       = "29",
  year         = "1993",
}

@Article{Thacker97,
  author       = "W.~D. Thacker",
  journal      = "J. Math. Phys.",
  pages        = "300",
  title        = "{A path integral for turbulence in incompressible
                 fluids}",
  volume       = "38",
  year         = "1997",
}

@Article{Thornber16,
  author       = "B. Thornber",
  journal      = "Phys. Fluids",
  pages        = "045106",
  title        = "{Impact of domain size and statistical errors in
simulations of homogeneous decaying turbulence and the {R}ichmyer-{M}eshkov instability}",
  volume       = "28",
  year         = "2016",
}



@Book{Titchmarsh39,
  author       = "E.~C. Titchmarsh",
  edition      = "2nd",
  publisher    = "Oxford University Press, Oxford",
  title        = "{The {T}heory of {F}unctions}",
  year         = "1939",
}

@Book{Titchmarsh48,
  author       = "E.~C. Titchmarsh",
  edition      = "2nd",
  publisher    = "Clarendon Press, Oxford",
  title        = "{Introduction to the theory of {F}ourier integrals}",
  year         = "1948",
}

@Article{Tomassini97,
  author       = "P. Tomassini",
  journal      = "Phys. Lett. B",
  number       = "1-2",
  pages        = "117--126",
  title        = "{An exact renormalization group analysis of 3-d well
                 developed turbulence}",
  volume       = "411",
  year         = "1997",
}

@Book{Townsend76,
  author       = "A.~A. Townsend",
  edition      = "2nd",
  publisher    = "Cambridge University Press, Cambridge",
  title        = "{The {S}tructure of {T}urbulent {S}hear {F}low}",
  year         = "1976",
}

@Article{Tsinober92,
  author       = "A. Tsinober and E. Kit and T. Dracos",
  journal      = "J. Fluid Mech.",
  pages        = "169",
  title        = "{Experimental investigation of the field of velocity
                 gradients in turbulent flows}",
  volume       = "242",
  year         = "1992",
}

@Book{Tsinober09,
  author       = "A. Tsinober",
  edition      = "2nd",
  publisher    = "Springer, Dordrecht",
  title        = "{An {I}nformal {C}onceptual {I}ntroduction to
                 {T}urbulence}",
  year         = "2009",
}

@Article{Turner02,
  author       = "L. Turner and J. Pratt",
  journal      = "J. Phys. A: Math. Gen.",
  pages        = "781--793",
  title        = "{Eddy-damped quasinormal {Markovian} closure: a
                 closure for magnetodydrodynamic turbulence}",
  volume       = "35",
  year         = "2002",
}

%UUU

@Article{Uberoi63,
  author       = "M.~S. Uberoi",
  journal      = "Phys. Fluids",
  pages        = "1048",
  title        = "{Energy transfer in isotropic turbulence}",
  volume       = "6",
  year         = "1963",
}

@Article{Uberoi69,
  author       = "M.~S. Uberoi and P. Freymuth",
  journal      = "Phys. Fluids",
  pages        = "1359",
  title        = "{Spectra of turbulence in wakes behind circular
                 cylinders}",
  volume       = "12",
  year         = "1969",
}

@Article{Uberoi70,
  author       = "M.~S. Uberoi and P. Freymuth",
  journal      = "Phys. Fluids",
  pages        = "2205",
  title        = "{Turbulent energy balance and spectra of the
                 axisymmetric wake}",
  volume       = "13",
  year         = "1970",
}

%VVV

@Article{Vainshtein94,
  author       = "S.~I. Vainshtein and K.~R. Sreenivasan",
  journal      = "Phys. Rev. Lett.",
  pages        = "3085",
  title        = "{Kolmogorov's {4/5}th {L}aw and {I}ntermittency in
                 {T}urbulence}",
  volume       = "73",
  year         = "1994",
}

@Article{Valente11a,
  author       = "P.~C. Valente and J.~C. Vassilicos",
  journal      = "J. Fluid Mech.",
  pages        = "300--340",
  title        = "{The decay of turbulence generated by a
                 class of multiscale grids}",
  volume       = "687",
  year         = "2011"
}

@Article{Valente11b,
  author       = "P.~C. Valente and J.~C. Vassilicos",
  journal      = "Phys. Fluids",
  pages        = "119101",
  title        = "{Comment on ``Dissipation and decay of fractal-generated
                 turbulence'' [Phys. Fluids 19, 105108 (2007)]}",
  volume       = "23",
  year         = "2011"
}

@Article{Valente12a,
  author       = "P.~C. Valente and J.~C. Vassilicos",
  journal      = "Phys. Lett. A",
  pages        = "510--514",
  title        = "{Dependence of decaying homogeneous isotropic
                 turbulence on inflow condition}",
  volume       = "376",
  year         = "2012"
}

@Article{Valente12b,
  author       = "P.~C. Valente and J.~C. Vassilicos",
  journal      = "Phys. Rev. Lett.",
  pages        = "214503",
  title        = "{Universal Dissipation Scaling for Nonequilibrium
                 Turbulence}",
  volume       = "108",
  year         = "2012"
}

@Article{Valente14,
  author       = "P.~C. Valente, C. B. da Silva and F. T. Pinho",
  journal      = "J. Fluid Mech.",
  pages        = "39--62",
  title        = "{The effect of viscoelasticity on the turbulent
kinetic energy cascade}",
  volume       = "760",
  year         = "2014"
}


@Article{Vanatta69,
  author       = "C.~W. {van Atta} and W.~Y. Chen",
  journal      = "J. Fluid Mech.",
  pages        = "743--763",
  title        = "{Measurements of spectral energy transfer in grid
                 turbulence}",
  volume       = "38",
  year         = "1969",
}

@Article{Vanatta70,
  author       = "C.~W. {van Atta} and W.~Y. Chen",
  journal      = "J. Fluid Mech.",
  pages        = "145",
  title        = "{Structure functions of turbulence in the atmospheric
                 boundary layer over the ocean}",
  volume       = "44",
  year         = "1970",
}

@Article{Vanatta73,
  author       = "C.~W. {van Atta} and T.~T. Yeh",
  journal      = "J. Fluid Mech.",
  pages        = "537",
  title        = "{The structure of internal intermittency in turbulent
                 flows at large {Reynolds} number: experiments on scale
                 similarity}",
  volume       = "59",
  year         = "1973",
}

@Book{Vandyke75,
  address      = "Stanford, CA",
  author       = "M. {van Dyke}",
  publisher    = "Parabolic Press",
  title        = "{Perturbation {M}ethods in {F}luid {M}echanics}",
  year         = "1975",
}

@Book{Vandyke81,
  address      = "Stanford, CA",
  author       = "M. {van Dyke}",
  publisher    = "Parabolic Press",
  title        = "{An album of fluid motion}",
  year         = "1981",
}

@Article{Vassilicos96,
  author       = "J.~C. Vassilicos and J.~G. Brasseur",
  journal      = "Phys. Rev. E.",
  number       = "1",
  pages        = "467--485",
  title        = "{Self-similar spiral flow structure in low {R}eynolds
                 number isotropic and decaying turbulence}",
  volume       = "54",
  year         = "1996",
}

@Article{Vassilicos11,
  author       = "J.~C. Vassilicos",
  journal      = "Phys. Lett. A.",
  pages        = "1010--1013",
  title        = "{An infinity of possible invariants for decaying
                 homogeneous turbulence}",
  volume       = "374",
  year         = "2011",
}

@Article{Vassilicos15,
  author       = "J.~C. Vassilicos",
  journal      = "Ann. Rev. Fluid Mech.",
  pages        = "95--114",
  title        = "{Dissipation in Turbulent Flows}",
  volume       = "47",
  year         = "2015",
}

@Article{Verma01,
  author       = "M.~K. Verma",
  journal      = "Phys. Rev. E.",
  number       = "026305",
  pages        = "1--4",
  title        = "{Field theoretic calculation of renormalized
                 viscosity, renomalized resistivity, and energy fluxes
                 of magnetohydrodynamic turbulence}",
  volume       = "64",
  year         = "2001",
}

@Book{Verma19,
  author       = "M.~K. Verma",
  publisher    = "Cambridge University Press",
  title        = "{Energy {T}ransfers in {F}luid {F}lows}",
  year         = "2019",
}




@Article{Vincent91,
  author       = "A. Vincent and M. Meneguzzi",
  journal      = "J. Fluid Mech.",
  pages        = "1--20",
  title        = "{The spatial structure and statistical properties of
                 homogeneous turbulence}",
  volume       = "225",
  year         = "1991",
}

@Article{VonKarman38,
  author       = "T. {von Karman} and L. Howarth",
  journal      = "Proc. Roy. Soc. Lond. A",
  pages        = "192",
  title        = "{On the statistical theory of isotropic turbulence}",
  volume       = "164",
  year         = "1938",
}

@Article{VonKarman49,
  author       = "T. {von Karman} and C.~C. Lin",
  journal      = "Rev. Mod. Phys.",
  pages        = "516",
  title        = "{On the concept of similarity in the theory of
                 isotropic turbulence}",
  volume       = "21",
  year         = "1949",
}

@Article{Vreman94a,
  author       = "B. Vreman and B. Geurts and H. Kuerten",
  journal      = "J. Fluid Mech.",
  pages        = "351",
  title        = "{Realizability conditions for the turbulent stress
                 tensor in large-eddy simulation}",
  volume       = "278",
  year         = "1994",
}

@Article{Vreman94b,
  author       = "B. Vreman and B. Geurts and H. Kuerten",
  journal      = "Commun. Num. Meth. Eng.",
  pages        = "785",
  title        = "{Discretization error dominance over subgrid terms in
                 large eddy simulation of compressible shear layers in
                 2{D}}",
  volume       = "10",
  year         = "1994",
}

@Article{Vreman95,
  author       = "B. Vreman and B. Geurts and H. Kuerten",
  journal      = "J. Eng. Math.",
  pages        = "299",
  title        = "{A priori tests of large eddy simulation of the
                 compressible mixing layer}",
  volume       = "29",
  year         = "1995",
}

@Article{Vreman97,
  author       = "B. Vreman and B. Geurts and H. Kuerten",
  journal      = "J. Fluid Mech.",
  pages        = "357",
  title        = "{Large-eddy simulation of the turbulent mixing
                 layer}",
  volume       = "339",
  year         = "1997",
}

%WWW


@Article{Wallace14,
  author       = "J. M. Wallace",
  journal      = "Theor. and Appl. Mechanics Letters",
  pages        = "022003",
  title        = "{Space-time correlations in turbulent flow: a review}",
  volume       = "4",
  year         = "2014",
}


@Article{Wang93,
  author       = "X.-H. Wang and F. Wu",
  journal      = "Phys. Rev. E",
  number       = "1",
  pages        = "R37--R38",
  title        = "{One modification to the {Y}akhot-{O}rszag calculation
                 in the renormalization-group theory of turbulence}",
  volume       = "48",
  year         = "1993",
}


@Article{Wang21,
  author       = "Guichao Wang",
  journal      = "Chem. Eng. Science",
  number       = "",
  pages        = "11633",
  title        = "{Estimation of the dissipation rate of turbulent
kinetic energy: {A} review}",
  volume       = "229",
  year         = "2021",
}



@Article{Wang96,
  author       = "L.-P. Wang and S. Chen and J.~G. Brasseur and J.~C.
                 Wyngaard",
  journal      = "J. Fluid Mech.",
  pages        = "113",
  title        = "{Examination of hypotheses in the {K}olmogorov refined
                 turbulence theory through high-resolution simulations.
                 Part 1. Velocity field}",
  volume       = "309",
  year         = "1996",
}

@Article{Wang00,
  author       = "H. Wang and J.~R. Sonnenmeier and S. Gamard and W.~K. George",
  title        = "{A contribution toward understanding DNS simulations of isotropic
                  decaying turbulence using similarity theory}",
  journal      = "Submitted to J. Fluid Mech.",
  year         = "2000"
}

@Article{Wang02,
  author       = "H. Wang and W.~K. George",
  journal      = "J. Fluid Mech.",
  pages        = "429",
  title        = "{The integral scale in homogeneous isotropic
                 turbulence}",
  volume       = "459",
  year         = "2002",
}

@Book{Wasow65,
  author       = "W. Wasow",
  publisher    = "John Wiley and Sons, New York",
  title        = "{Asymptotic {E}xpansions for {O}rdinary {D}ifferential
                  {E}quations}",
  year         = "1965",
}

@PhdThesis{Watt91,
  author       = "A.~G. Watt",
  school       = "University of Edinburgh",
  title        = "{A {S}tudy of {I}sotropic {T}urbulence}",
  year         = "1991",
}

@Article{Wierst19,
  author       = "Pauline van Wierst",
  journal      = "Synthese",
  pages        = "1863",
  title        = "{The paradox of phase transitions in the light of
constructive mathematics}",
  volume       = "196",
  year         = "2019",
}


@Article{Wilson75a,
  author       = "K.~G. Wilson",
  journal      = "Adv. Math.",
  pages        = "170--186",
  title        = "{{R}enormalization {G}roup {M}ethods}",
  volume       = "16",
  year         = "1975",
}

@Article{Wilson75b,
  author       = "K.~G. Wilson",
  journal      = "Rev. Mod. Phys",
  number       = "4",
  pages        = "773--840",
  title        = "{The renormalization group: Critical phenomena and the
                 {K}ondo problem}",
  volume       = "47",
  year         = "1975",
}

@Article{Wilson83,
  author       = "K.~G. Wilson",
  journal      = "Rev. Mod. Phys.",
  number       = "3",
  pages        = "583--600",
  title        = "{The renormalization group and critical phenomena}",
  volume       = "55",
  year         = "1983",
}


@Article{Wio10,
  author       = "H. S. Wio and J. A. Revelli and R. R. Deza and C.
Escudero and M. S. de {La} {L}ama",
  journal      = "Phys. Rev. E",
  pages        = "066706",
  title        = "{Discretization-related issues in the {K}ardar -
{P}arisi - {Z}hang equation: consistency , {G}alilean  - invariance
violation, and fluctuation-dissipation relation}",
  volume       = "81",
  year         = "2010",
}

@Article{Woodruff92,
  author       = "S.~L. Woodruff",
  journal      = "Phys. Fluids.A",
  number       = "5",
  pages        = "1077",
  title        = "{Dyson equation analysis of inertial-range
                 turbulence}",
  volume       = "4",
  year         = "1992",
}

@Article{Woodruff94,
  author       = "S.~L. Woodruff",
  journal      = "Phys. Fluids",
  number       = "9",
  pages        = "3051--3062",
  title        = "{A similarity solution for the {D}irect {I}nteraction
                 {A}pproximation and its relationship to
                 renormalization-group analyses of turbulence}",
  volume       = "6",
  year         = "1994",
}

@Article{Wyld61,
  author       = "H.~W. {Wyld Jr.}",
  journal      = "Ann.Phys",
  pages        = "143",
  title        = "{Formulation of the theory of turbulence in an
                 incompressible fluid}",
  volume       = "14",
  year         = "1961",
}

@Article{Wyngaard70,
  author       = "J.~C. Wyngaard and H. Tennekes",
  journal      = "Phys. Fluids",
  pages        = "1962",
  title        = "{Measurements of the {S}mall-{S}cale {S}tructure of
                 {T}urbulence at {M}oderate {R}eynolds {N}umbers}",
  volume       = "13",
  year         = "1970",
}

%YYY

@Article{Yakhot86a,
  author       = "V. Yakhot and S.~A. Orszag",
  journal      = "J. Sci. Comp.",
  number       = "1",
  pages        = "3--51",
  title        = "{Renormalization {Group} analysis of turbulence. {I.
                 Basic} theory}",
  volume       = "1",
  year         = "1986",
}

@Article{Yakhot86b,
  author       = "V. Yakhot and S. Orszag",
  journal      = "Phys. Rev. Lett.",
  number       = "14",
  pages        = "1722--1724",
  title        = "{Renormalization-{Group} analysis of turbulence}",
  volume       = "57",
  year         = "1986",
}

@Article{Yakhot88,
  author       = "Victor Yakhot and Steven~A. Orszag and Zhen.-Su She",
  journal      = "Phys. Fluids A",
  pages        = "184--186",
  title        = "{Space-time correlations in turbulence: {K}inematical
                 versus dynamical effects}",
  volume       = "1",
  year         = "1988",
}

@Article{Yakhot98,
  author       = "V. Yakhot",
  journal      = "Physical Review E",
  pages        = "1737--1751",
  title        = "{Probability density and scaling exponents of the
                 moments of longitudinal velocity difference in strong
                 turbulence}",
  volume       = "57",
  year         = "1998",
}

@Article{Yakhot04,
  author     = "V. Yakhot",
  journal    = "J. Fluid Mech.",
  pages      = "87--91",
  title      = "{Decay of three-dimensional turbulence at high Reynolds
               numbers}",
  volume     = "505",
  year       = "2004"
}

@Article{Yamazaki02,
  author     = "Y. Yamazaki and T. Ishihara and Y. Kaneda",
  journal    = "J. Phys. Soc. Jap.",
  pages      = "777--781",
  title      = "{Effects of Wavenumber Truncation on High-Resolution Direct Numerical
                Simulation of Turbulence}",
  volume     = "71",
  year       = "2002"
}

@PhdThesis{Yang98,
  author       = "T.-J. Yang",
  school       = "University of Edinburgh",
  title        = "{A study of renormalization group methods applied to
                 fluid turbulence}",
  year         = "1998",
}

@Article{Yeung89,
  author       = "P.~K. Yeung and S.~B. Pope",
  journal      = "J. Fluid Mech.",
  pages        = "531--586",
  title        = "{Lagrangian statistics from direct numerical simulations of isotropic turbulence}",
  volume       = "207",
  year         = "1989",
}

@Article{Yeung91,
  author       = "P.~K. Yeung and J.~G. Brasseur",
  journal      = "Phys. Fluids A.",
  number       = "5",
  pages        = "884--897",
  title        = "{The response of isotropic turbulence to isotropic and
                 anisotropic forcing at the large scales}",
  volume       = "3",
  year         = "1991",
}

@Article{Yeung95,
  author       = "P.~K. Yeung and J.~G. Brasseur and Qunzhen Wang",
  journal      = "J. Fluid Mech.",
  pages        = "43--95",
  title        = "{Dynamics of direct large-scale couplings in
                 coherently forced turbulence: concurrent physical- and
                 Fourier-space views}",
  volume       = "283",
  year         = "1995",
}

@Article{Yeung97,
  author       = "P.~K. Yeung and Y. Zhou",
  journal      = "Phys. Rev. E",
  pages        = "1746",
  title        = "{Universality of the {K}olmogorov constant in
                 numerical simulations of turbulence}",
  volume       = "56",
  year         = "1997",
}

@Article{Yeung12,
  author       = "P.~K. Yeung and D.~A. Donzis and K.~R. Sreenivasan",
  journal      = "J. Fluid Mech.",
  pages        = "5--15",
  title        = "{Dissipation, enstrophy and pressure statistics in
                  turbulence simulations at high Reynolds numbers}",
  volume       = "700",
  year         = "2012",
}

@PhdThesis{Yoffe12,
  author       = "S.~R. Yoffe",
  school       = "University of Edinburgh",
  title        = "{Investigation of the transfer and dissipation of energy
                  in isotropic turbulence}",
  year         = "2012",
}


@Article{Yoffe18,
  author       = "S. R. Yoffe and W. D. McComb",
  journal      = "Physical Review Fluids",
  pages        = "submitted",
  title        = "{Onset criteria for freely decaying isotropic turbulence}",
  volume       = "",
  year         = "2018",
}



@PhdThesis{Young99,
  author       = "A.~J. Young",
  school       = "University of Edinburgh",
  title        = "{Investigation of renormalization group methods for
                 the numerical simulation of isotropic turbulence}",
  year         = "1999",
}

@Article{Young00,
  author       = "A.~J. Young and W.~D. McComb",
  journal      = "J. Phys. A",
  pages        = "133--139",
  title        = "{Effective viscosity due to local turbulence
                 interactions near the cutoff wavenumber in a
                 constrained numerical simulation}",
  volume       = "33",
  year         = "2000",
}

@Article{Yu05,
  author       = "H. Yu and S.~S. Girimaji and L.-S. Luo",
  journal      = "Phys. Rev. E",
  pages        = "016708",
  title        = "{Lattice Boltzmann simulations of decaying homogeneous isotropic turbulence}",
  volume       = "71",
  year         = "2005",
}

%ZZZ


@Article{Zhao09,
  author       = "X. Zhao and G. He",
  journal      = "Phys. Rev. E",
  pages        = "046316",
  title        = "{Space-time correlations of fluctuating velocities in
turbulent shear flows}",
  volume       = "79",
  year         = "2009",
}



@Article{Zhou93,
  author       = "Y. Zhou",
  journal      = "Phys. Fluids A",
  pages        = "1092",
  title        = "{Degrees of locality of energy transfer in the
                 inertial range}",
  volume       = "5",
  year         = "1993",
}

@Article{Zhou93a,
  author       = "Y. Zhou and G. Vahala",
  journal      = "Phys. Rev. E",
  number       = "4",
  pages        = "2503--2519",
  title        = "{Reformulation of
                 recursive-renormalization-group-based subgrid modelling
                 of turbulence}",
  volume       = "47",
  year         = "1993",
}

@Article{Zhou93b,
  author       = "Y. Zhou and G. Vahala",
  journal      = "Phys. Rev. E",
  pages        = "0",
  title        = "{Renormalization-group estimates of transport
                 coefficients in the advection of a passive scalar by
                 turbulence}",
  volume       = "47",
  year         = "1993",
}

@Article{Zhou93c,
  author       = "Y. Zhou and G. Vahala",
  journal      = "Physics Letters A",
  number       = "3",
  pages        = "258--262",
  title        = "{Backscatter and energy-transfer in recursive
                 renormalization-group theory of turbulence}",
  volume       = "174",
  year         = "1993",
}

@Article{Zhou94,
  author       = "Y. Zhou and G. Vahala and S. Thangam",
  journal      = "Phys. Rev. E",
  pages        = "0",
  title        = "{Development of a turbulence model based on a
                 recursion renormalization group theory}",
  volume       = "49",
  year         = "1994",
}

@Article{Zhou10,
  author       = "Y. Zhou",
  journal      = "Physics Reports",
  pages        = "1-49",
  title        = "{Renormalization group theory for fluid and plasma turbulence}",
  volume       = "488",
  year         = "2010",
}


@Article{Zhou17,
  author       = "Y. Zhou",
  journal      = "Physics Reports",
  pages        = "1-136",
  title        = "{Rayleigh-Taylor and Richmyer-Meshkov instability
induced flow, turbulence and mixing. I}",
  volume       = "720--722",
  year         = "2017",
}


@Article{Zidikheri09,
  author       = "M.~J. Zidikheri and J.~S. Frederiksen",
  journal      = "J. Atmos. Sci.",
  pages        = "2844",
  title        = "{Stochastic subgrid parameterizations for simulations
                 of atmospheric baroclinic flows}",
  volume       = "66",
  year         = "2009",
}

@Article{Zidikheri13,
  author       = "M.~J. Zidikheri and J.~S. Frederiksen",
  journal      = "J. Atmos. Sci.",
  pages        = "000",
  title        = "{Methods for estimating climate anomaly forcing patterns}",
  volume       = "70",
  year         = "2013",
}


 